2476 3540
630 331 680 361 LE
702 331 846 361 LIBER
870 330 1103 361 CENSUUM
1130 329 1184 358 DE
1208 324 1391 359 L'EGLtSE
1415 329 1623 359 ROMAINE.
2139 331 2174 359 17

161 399 216 429 W.
240 398 417 435 secundus,
439 406 492 428 rex
513 397 642 434 Sicilie,
660 397 826 427 constituit
850 396 1084 426 monasterium

85 562 200 586 ducatus
225 562 337 593 Apulie,
357 564 383 585 et
405 562 575 592 principatus
599 560 706 591 Capue‚
727 561 883 584 Andecavie
906 560 1047 591 provincie
1063 563 1089 583 ct

84 607 266 632 Forchalcieri
280 614 380 637 comes,
393 614 454 630 cum
467 607 541 630 omni
553 606 706 630 reverentia
720 608 745 629 et
757 606 861 629 honore
877 605 976 628 devota
988 605 1086 635 pedum

85 652 179 676 oscula
196 652 347 676 beatorum.
363 651 463 675 Vestre
478 651 572 674 literas
590 650 749 674 Sanctitatis
769 651 795 673 in
809 650 857 673 hec
876 651 959 673 verba
974 649 1063 679 recepi
1082 656 1087 672 :

86 695 211 721 Clemens
237 696 392 726 episcopus,
415 703 510 719 servus
536 702 677 719 servorum
697 695 756 721 Dei,
778 694 919 717 carissimo
935 694 962 716 in
978 693 1088 717 Christo

85 741 141 764 filio
155 741 188 765 Κ.
201 740 295 765 Sicilie
312 741 369 771 regi
382 741 481 764 illustri
498 741 613 763 salutem
626 742 651 763 et
668 739 843 769 apostolicam
860 738 1088 762 benedictionem.

87 785 210 809 Habetur
235 785 285 808 hec
310 785 428 808 humana
459 785 604 815 fragilitas,
630 791 663 807 ex
693 784 840 814 primorum
871 783 1090 812 transgressione

87 832 245 860 parentum,
261 830 416 860 ignorantie
434 830 533 852 nebula
555 832 581 852 et
603 829 765 852 irruentium
786 827 1012 857 multiplicatione
1030 827 1088 849 fan-

87 877 232 898 tasmatum
248 875 381 904 involuta,
398 876 437 901 ut,
454 874 517 897 dum
530 873 562 896 de
578 873 670 896 multis
686 873 803 896 sollicita
819 879 882 901 erga
899 871 1015 901 plurima
1028 878 1090 901 per-

88 920 222 948 turbatur,
234 919 356 942 omnium
364 921 482 948 nequeat
496 918 595 941 habere
604 917 770 945 memoriam,
782 919 816 945 et,
828 916 944 939 diversis
955 916 1090 938 dubitatio

87 970 152 987 num
166 964 327 994 ambagibus
342 964 474 986 fluctuare
486 965 589 990 coacta,
607 961 800 985 excusabiliter
816 961 921 983 omittat
934 960 1023 990 aliqua
1038 967 1090 989 qne

87 1015 120 1031 ex
135 1010 209 1032 certa
224 1008 339 1031 scientia
350 1008 477 1038 potiusve
493 1007 597 1030 malitia
614 1006 822 1036 dampnabiliter
838 1005 981 1035 preteriret
998 1012 1002 1027 ς
1023 1012 1089 1027 sane

85 1052 210 1083 quamvis
226 1059 339 1076 censum
355 1059 475 1075 annuum
493 1054 555 1074 octo
571 1051 675 1073 milium
691 1050 834 1073 unciarum
848 1050 916 1075 auri,
933 1049 966 1072 ad
983 1050 1090 1079 pondus

85 1097 161 1127 regni
179 1096 281 1125 Sicilie,
298 1096 378 1120 nobis
389 1098 415 1119 et
426 1096 541 1119 ecclesie
557 1095 679 1118 Romane
691 1094 812 1117 debitum
825 1100 873 1123 pro
883 1093 988 1122 eodeni,
1001 1094 1028 1116 in
1041 1100 1091 1116 suo

86 1142 212 1171 termino,
228 1142 297 1165 festo
313 1141 441 1165 videlicet
458 1140 600 1171 principali
618 1139 688 1162 beati
704 1138 776 1162 Petri
794 1138 918 1168 proxime
932 1139 985 1167 jani
1002 1142 1092 1161 trans-

86 1190 155 1213 acto,
171 1187 251 1209 nobis
269 1193 324 1209 non
342 1185 471 1214 solveris,
492 1185 556 1214 quia
571 1187 661 1207 tamen
677 1183 704 1206 111
721 1183 858 1206 solutione
879 1183 965 1213 ipsius
987 1190 1042 1206 non
1059 1190 1092 1205 ex

84 1231 188 1253 malitia
202 1231 297 1259 necjex
311 1229 374 1253 dolo
390 1229 513 1257 cessasti,
526 1228 670 1258 presertim
687 1234 747 1250 cum
759 1227 807 1250 tibi
823 1227 932 1257 plurimi
944 1227 1092 1250 suaderent

86 1275 169 1305 quod,
185 1281 300 1305 regnum
310 1274 430 1298 totaliter
445 1280 500 1297 non
516 1273 640 1303 adeptus,
658 1273 686 1295 in
701 1279 755 1302 (1110
771 1279 880 1302 gravem
902 1272 1049 1302 patiebaris
1066 1274 1092 1295 et

87 1319 175 1342 adhuc
191 1319 292 1350 pateris
307 1318 500 1347 resistantiam,
519 1317 551 1340 ad
568 1317 732 1340 solutionem
750 1316 872 1346 ejusdcm
887 1316 998 1339 minime
1014 1319 1091 1339 tene-

86 1364 169 1388 baris.
186 1364 301 1394 Propter
315 1363 388 1393 quod
402 1365 428 1386 et
444 1362 538 1393 gravia
551 1368 604 1392 que
619 1362 753 1391 urgebant
763 1361 882 1391 negotia,
897 1361 930 1384 de
945 1362 1023 1391 lapsu
1037 1363 1092 1384 ter-

87 1408 153 1432 mini
169 1408 258 1431 minus
275 1408 409 1431 sollicitus
425 1407 544 1436 exivisti,
563 1409 588 1430 et
601 1406 795 1429 nichilominus
812 1406 845 1428 ad
859 1406 991 1428 cautelam
1007 1412 1092 1429 vene-

88 1453 166 1476 rabili
182 1453 258 1476 sratri
275 1454 370 1476 nostro
389 1451 538 1475 Albanensi
560 1451 707 1481 episcopo,
729 1451 880 1480 apostolice
896 1450 969 1473 sedis
985 1451 1075 1480 legato
1087 1469 1092 1478 ‚

89 1497 253 1521 sufficientia
267 1497 396 1527 pignora,
413 1496 446 1519 ad
460 1496 581 1520 valorem
598 1502 696 1519 census
713 1495 834 1525 ejusdcm
851 1498 877 1518 ct
893 1496 978 1523 ultra,
992 1496 1093 1519 litiera-

87 1543 150 1566 liter
163 1542 296 1568 obtulisti.
311 1548 363 1572 que
376 1541 567 1571 ipsejrecipere
578 1541 666 1564 noluit
678 1541 749 1563 sicut
762 1547 810 1570 per
823 1542 880 1570 ejus
894 1541 998 1563 litteras
1014 1541 1093 1564 nobis

90 1586 228 1615 constitit,
249 1586 425 1610 omissionem
441 1592 489 1609 seu
512 1586 663 1609 cessionem
687 1585 844 1615 hujusmodi
868 1585 902 1607 ad
926 1588 1031 1608 reatum
1051 1585 1094 1608 vel

89 1634 182 1655 notam
197 1631 310 1662 perjurii
323 1631 373 1654 tibi
386 1631 524 1654 noluimus
541 1631 678 1660 imputari.
691 1629 745 1653 Sed
761 1630 852 1660 potius
869 1630 1094 1653 excusationibus

89 1677 144 1700 tuis
160 1676 300 1706 admissis,
322 1683 390 1706 quas
411 1675 491 1698 nobis
513 1675 567 1698 tuis
591 1675 689 1698 litteris
706 1675 846 1700 intimastiv
866 1675 1013 1697 immunem
1036 1677 1061 1697 tc
1080 1682 1095 1697 a

89 1722 218 1752 perjurio,
235 1721 429 1744 nichilominus
446 1722 604 1750 reputantes
621 1719 693 1749 quod
710 1719 792 1742 nichil
810 1726 841 1742 eo
855 1719 965 1742 nomine
981 1719 1029 1742 tibi
1046 1726 1094 1742 va-

87 1765 142 1788 leat
158 1765 239 1795 objici
264 1771 313 1788 seu
333 1765 461 1795 impingi,
478 1766 574 1787 tenore
596 1764 763 1793 presentium
781 1763 958 1786 declaramus.
974 1763 1016 1786 Ad
1034 1764 1092 1793 hec,

88 1809 213 1833 volentes
227 1809 276 1832 tibi
291 1808 399 1839 plenius
414 1808 575 1838 providere,
592 1814 625 1831 ne
640 1807 683 1830 vel
699 1814 732 1830 ex
749 1814 819 1829 nunc
836 1807 941 1830 incidas
957 1807 985 1830 in
1002 1808 1093 1837 perju-

89 1853 160 1877 rium
185 1856 210 1876 et
235 1853 348 1883 insuper
368 1852 661 1876 excommunicationis
687 1852 858 1881 sententiam,
882 1852 904 1874 si
923 1852 1003 1875 nobis
1024 1852 1095 1875 infra

89 1904 210 1921 mensem
230 1897 338 1928 augusti
356 1904 412 1920 non
428 1897 543 1920 solveris
560 1896 662 1920 dietum
683 1903 803 1925 censum,
827 1896 875 1919 hae
895 1896 956 1919 vice
981 1896 1039 1924 tibi,
1061 1897 1094 1920 de

89 1942 176 1973 gratia
190 1942 311 1972 speciali,
329 1941 401 1965 dicte
416 1942 562 1964 solutionis
581 1941 726 1964 terminum
742 1948 829 1970 usque
847 1941 879 1963 ad
897 1941 1026 1964 kalendas
1043 1948 1094 1964 no-

88 1987 208 2011 vembris
222 1986 339 2017 proximi
356 1992 547 2016 prorogamus,
565 1986 635 2008 infra
651 1992 727 2015 quas,
744 1986 765 2009 si
783 1992 838 2008 non
856 1986 970 2008 solveris
989 1986 1092 2009 dictum

88 2037 210 2060 censum,
226 2031 254 2053 in
270 2030 432 2053 sententiam
452 2029 556 2053 incidas
574 2029 747 2053 antedictam.
766 2029 818 2052 Per
830 2029 899 2052 hane
913 2032 1003 2053 autem
1021 2030 1092 2053 dicte

88 2075 228 2098 dilationis
245 2074 360 2105 gratiam
381 2074 571 2098 conditionum
589 2080 638 2097 seu
659 2074 873 2097 conventionum
893 2073 1027 2097 dictarum
1051 2077 1093 2098 te-

87 2126 182 2143 norem
197 2120 226 2143 in
240 2120 315 2143 nulla
333 2120 375 2142 sui
388 2119 536 2143 voluminis
554 2120 630 2149 parte
643 2118 735 2142 divelli
746 2119 788 2141 vel
806 2118 833 2141 in
847 2118 939 2149 aliqua
955 2119 1094 2142 immutari

88 2165 144 2188 imo
160 2167 254 2189 tenore
270 2164 438 2195 presentium
454 2164 623 2187 declaramus
637 2166 729 2193 aperte
744 2166 836 2186 nostre
848 2163 1010 2187 intentionis
1025 2165 1096 2187 exis-

90 2211 157 2238 tere,
173 2211 200 2233 et
216 2209 267 2232 hoe
279 2209 392 2239 insuper
405 2210 588 2238 protestamur
602 2207 673 2237 quod
686 2208 913 2237 subsequentium
924 2208 1093 2231 solutionum

90 2253 156 2277 dicti
172 2260 271 2277 census
289 2253 372 2276 annui
394 2252 502 2276 termini
521 2252 549 2275 in
564 2255 726 2282 perpetuum
742 2251 770 2274 in
786 2251 882 2275 eodem
905 2254 974 2275 testo
992 2253 1095 2283 princi-

93 2298 146 2329 pali
163 2298 235 2322 beati
252 2297 326 2321 Petri
345 2297 505 2324 consistant,
519 2298 545 2320 et
562 2296 765 2322 nichilominus,
783 2303 836 2326 quo
851 2296 884 2319 ad
899 2303 983 2327 penas
1000 2301 1096 2321 eontra

92 2344 167 2365 tuam
183 2345 209 2366 et
229 2342 360 2366 heredum
381 2344 492 2365 tuorum
511 2341 539 2364 in
560 2347 644 2371 regno
668 2347 798 2371 personas
814 2344 959 2372 vestraque
973 2343 1053 2372 bona,
1073 2342 1095 2365 si

93 2387 182 2411 dictus
198 2394 297 2410 census
312 2387 392 2410 nobis
407 2388 454 2409 aut
469 2385 570 2409 nostris
584 2385 790 2408 successoribus
806 2388 832 2409 et
847 2386 899 2416 ipsi
917 2386 1038 2410 Romane
1055 2393 1094 2410 ec·

93 2432 175 2455 clesie
195 2439 245 2455 suo
261 2434 383 2461 tempore
401 2430 511 2453 minime
528 2430 688 2460 solveretur,
705 2430 733 2453 in
749 2430 852 2453 eisdem
865 2431 1095 2454 conventionibus

93 2476 232 2500 ordinatas
248 2479 274 2500 et
289 2479 344 2499 tam
359 2478 454 2499 nostro
470 2481 551 2505 quam
572 2477 619 2498 tuo
640 2481 775 2498 consensu
796 2475 924 2505 firmatas,
946 2478 1049 2499 statuta
1067 2476 1096 2498 in

93 2521 132 2545 eis
148 2524 271 2552 tempora
286 2521 319 2544 ab
335 2520 431 2544 eodem
446 2520 516 2542 festo
531 2519 657 2543 volumus
674 2520 834 2549 computari.
851 2519 891 2543 'I‘u
907 2527 981 2550 ergo,
996 2520 1033 2543 fili
1050 2527 1095 2543 ca-

93 2565 213 2595 rissime,
230 2565 376 2596 diligenter
391 2564 535 2588 attendens
556 2563 621 2594 quid
637 2566 663 2586 et
685 2564 802 2593 qualiter
821 2565 901 2588 nobis
922 2565 1094 2594 promiseris,

93 2613 139 2634 tue
153 2610 280 2640 specialis
296 2610 391 2633 salutis
408 2615 464 2632 non
480 2608 622 2631 immemor
637 2611 718 2638 atque
733 2608 815 2636 same,
832 2609 946 2638 gratiam
962 2609 1095 2639 apostoli—-

94 2661 152 2678 cam
166 2657 324 2679 reverenter
339 2653 483 2684 suscipias,
496 2655 522 2676 et
539 2659 635 2676 caveas
648 2652 677 2675 111
691 2655 831 2682 posterum
846 2660 888 2683 ne,
901 2653 1052 2677 discrimini
1069 2656 1095 2677 te

94 2705 244 2729 exponens,
256 2700 289 2722 ab
302 2699 360 2729 ejus
376 2704 491 2728 corpore
504 2698 582 2727 quus
598 2703 626 2720 es
641 2697 790 2720 membrum
806 2698 906 2727 nobile,
922 2699 1006 2728 nullo,
1021 2698 1094 2728 quod

94 2750 157 2774 egre
178 2744 325 2772 ferremus,
342 2745 473 2773 tempore,
494 2741 653 2772 precidaris.
670 2740 768 2764 Datum
783 2741 909 2772 viterbii,
928 2742 952 2766 X
964 2743 1094 2766 kalendas

93 2788 268 2819 septembris,
284 2787 460 2818 pontificatus
476 2786 564 2810 nostri
580 2792 651 2809 anno
667 2785 799 2810 secundo.

93 2945 142 2979 qui
161 2952 177 2971 a
198 2945 243 2970 ete
262 2945 385 2970 souvent
404 2941 502 2969 decrit.
522 2940 573 2968 Cet
589 2949 678 2977 usage
697 2951 714 2968 a
734 2942 803 2969 dure
818 2943 935 2978 jusqu'a
955 2944 981 2970 la
996 2944 1034 2970 fin
1056 2944 1094 2971 du

93 2994 205 3021 dernier
222 2993 318 3020 siecle.

234 3056 319 3083 Lmen
337 3053 479 3082 Ceusuma.
492 3068 528 3075 —
538 3052 565 3082 Ι.

1214 396 1308 425 Beate
1324 395 1424 425 Marie
1436 396 1527 434 Juxta
1543 395 1741 424 Panormum
1757 400 1780 434 ⁶,
1792 402 1877 425 anno
1890 404 1953 424 xvn
1969 396 2178 433 pontificatus

1212 448 1386 478 Alexandri
1410 457 1486 487 pape
1507 457 1557 485 111,
1579 450 1609 477 et
1631 447 1767 486 subjecit
1782 447 1861 477 illud
1882 449 2027 478 Romane
2043 449 2178 479 ecclesie

1213 502 1273 531 sub
1288 511 1398 531 annua
1414 501 1567 540 pensione
1582 509 1598 530 c
1615 504 1798 530 tarenorum
1817 502 1839 532 ¹.

1204 652 1261 682 Ego
1275 652 1372 681 igitur,
1391 655 1467 683 pater
1482 653 1666 682 sanctissime,
1687 660 1735 683 pro
1751 656 1825 676 tanta
1841 654 1927 683 gratia
1940 654 2018 677 vobis
2034 657 2060 677 et
2076 654 2177 677 vestris

1173 696 1303 719 fratribus
1323 697 1355 719 ad
1369 698 1517 725 gratiarum
1533 698 1655 721 actiones
1673 698 1821 725 inclinans,
1837 701 1861 721 et
1879 699 2004 721 omnibus
2018 705 2047 721 ac
2062 698 2178 727 singulis

1174 747 1257 771 supra
1273 741 1409 764 contentis
1427 742 1588 770 assentiens,
1602 742 1640 765 sic
1655 742 1687 764 ad
1704 749 1751 765 vos
1766 745 1791 764 et
1805 742 1838 765 ad
1855 743 2051 765 sanctissimam
2065 745 2178 765 matrem

1174 791 1261 807 meam
1277 785 1304 807 in
1325 785 1376 807 hiis
1398 788 1423 808 et
1444 785 1516 813 aliis,
1533 785 1583 808 Dei
1601 786 1684 808 fultus
1701 786 1804 808 auxilio
1817 805 1822 811 ,
1839 793 1880 809 me
1897 787 2001 809 habebo
2021 786 2178 815 ecclesiam,

1175 830 1246 858 quod
1264 829 1420 852 devotionis
1436 836 1495 852 mee
1512 830 1668 859 patentibus
1687 830 1862 853 incrementis
1878 831 1905 853 in
1922 835 2070 861 conspectu
2086 831 2136 854 Dei
2152 832 2179 854 et

1174 873 1315 896 hominum
1334 873 1432 896 reddar
1455 874 1541 903 ipsius
1562 881 1674 897 munere
1696 875 1842 903 gratiosus.
1863 875 1961 897 Datum
1983 875 2054 905 apud
2076 874 2178 898 Lacum

1176 918 1325 947 Pensilem,
1344 925 1391 948 per
1407 925 1516 941 manum
1532 918 1645 941 Roberti
1661 918 1694 941 de
1717 918 1786 941 Baro
1797 937 1803 948 ,
1823 919 1898 948 regni
1919 920 2011 942 Sicilie
2027 919 2179 949 prothono-

1175 962 1251 990 tarii,
1269 963 1357 992 primo
1380 963 1542 992 septembris
1564 963 1667 986 decime
1685 963 1858 991 indictionis,
1876 970 1946 985 anno
1963 963 2071 986 Domini
2089 963 2178 986 mille-

1175 1008 1244 1031 simo
1266 1007 1454 1030 ducentesimo
1478 1008 1648 1037 sexagesimo
1670 1010 1762 1036 sexto,
1785 1008 1861 1037 regni
1883 1014 1948 1031 vero
1970 1008 2021 1031 mei
2043 1015 2114 1031 anno
2134 1015 2179 1031 se-

1175 1052 1276 1077 cundo.
1292 1051 1428 1075 Feliciter.
1445 1052 1540 1075 Amen.

1206 1097 1291 1120 Aclctil
1308 1096 1350 1119 Rl
1370 1103 1375 1119 :
1394 1095 1505 1119 Plenius
1528 1096 1651 1126 requiras
1673 1096 1759 1125 iufra,
1784 1099 1857 1119 carta
1872 1099 1900 1118 v
1916 1096 2059 1126 (Hequiras
2075 1098 2179 1120 etenim

1178 1142 1261 1169 infra,
1275 1142 1380 1170 pagina
1400 1143 1496 1164 nostra
1513 1140 1559 1170 27),

1206 1187 1230 1216 a)
1247 1187 1331 1209 Addit
1353 1187 1381 1208 in
1403 1187 1545 1215 margine,
1567 1192 1619 1208 sec.
1637 1192 1728 1213 maru,
1744 1185 1786 1208 nl
1805 1192 1809 1208 :
1828 1184 1949 1215 Erigitur
1965 1185 1992 1207 111
2009 1185 2181 1215 metropolim

1175 1236 1228 1260 que
1245 1229 1346 1253 dicitur
1361 1229 1572 1259 Montisregalis,
1589 1229 1622 1252 de
1636 1236 1689 1259 qua
1706 1229 1734 1251 in
1750 1235 1800 1251 suo
1815 1229 1886 1252 loco.

1214 1381 1237 1407 1.
1250 1380 1289 1406 La
1303 1380 1434 1406 monnaie
1446 1379 1506 1405 d'or
1515 1379 1632 1414 appelee
1642 1381 1699 1404 tari
1710 1379 1906 1413 representait,
1917 1387 1950 1404 en
1965 1378 2061 1404 valeur
2071 1386 2182 1404 comme

1176 1438 1210 1456 en
1227 1429 1319 1464 poids,
1339 1438 1375 1455 1111
1390 1430 1540 1455 trentieme
1557 1428 1591 1454 de
1607 1428 1707 1454 l'once.
1725 1427 1763 1454 M.
1781 1427 1880 1453 Amari
1897 1427 2000 1459 (Storia
2016 1428 2059 1453 dei
2075 1427 2183 1452 musul-

1176 1480 1254 1505 mani
1269 1479 1297 1504 (11
1314 1479 1428 1512 Sicilia,
1444 1477 1488 1511 ΙΙ,
1510 1486 1537 1512 p.
1563 1477 1621 1509 451)
1645 1477 1717 1503 croit
1732 1485 1788 1511 que
1808 1485 1840 1503 ce
1856 1485 1921 1502 nom
1938 1476 2015 1502 vient
2030 1475 2065 1501 de
2080 1475 2183 1502 l'arabe

1176 1523 1285 1553 (lirlzc'm
1297 1536 1331 1554 ou
1344 1528 1460 1560 (Iz'rhz'm,
1472 1526 1653 1556 transforme,
1666 1534 1701 1552 au
1714 1525 1825 1560 pluriel,
1839 1534 1888 1560 par
1901 1533 1954 1551 une
1966 1525 2182 1559 prononciation

1176 1576 1281 1611 rapide,
1295 1585 1329 1602 eu
1343 1576 1446 1609 lrahz's;
1461 1575 1572 1610 d’apres
1587 1575 1637 1609 lui,
1651 1578 1725 1600 cette
1740 1574 1871 1600 monnaie
1883 1573 2113 1608 correspondrait
2126 1580 2182 1599 aux

1178 1627 1253 1652 rohai
1266 1626 1404 1652 sicilicus.
1419 1625 1440 1651 Il
1454 1633 1473 1659 y
1488 1634 1503 1650 a
1519 1633 1554 1650 eu
1570 1625 1640 1651 trois
1656 1627 1739 1658 types
1751 1623 1919 1657 priucipaux
1937 1623 1970 1648 de
1982 1624 2051 1649 taris
2065 1634 2069 1648 z
2090 1623 2116 1648 1⁰
2130 1622 2182 1648 tari

1176 1674 1308 1700 d’Amalfi
1335 1678 1361 1699 et
1382 1673 1416 1699 de
1438 1673 1571 1705 Salerne3
1595 1673 1624 1698 ⁴2⁰
1650 1673 1701 1698 tari
1723 1672 1757 1698 de
1781 1671 1909 1697 Palerme
1933 1676 1961 1697 et
1979 1671 2014 1697 de
2036 1671 2181 1700 Messine;

1178 1724 1206 1749 3⁰
1229 1723 1279 1749 tari
1304 1724 1339 1747 de
1362 1721 1476 1748 Troina.
1501 1722 1548 1747 Au
1574 1721 1721 1746 douzieme
1744 1720 1841 1754 siecle,
1865 1719 1969 1752 c'etait,
1990 1728 2025 1745 en
2047 1719 2134 1745 sicile
2155 1722 2184 1745 et

1177 1772 1247 1798 dans
1265 1771 1361 1797 l‘ltalie
1378 1771 1415 1797 du
1432 1770 1501 1801 Snd,
1520 1778 1574 1796 une
1591 1770 1641 1796 des
1657 1770 1805 1795 monnaies
1821 1769 1862 1795 les
1874 1769 1938 1803 plus
1949 1769 2119 1803 repandues.
2135 1768 2183 1794 Au

1176 1821 1320 1847 treizieme
1336 1820 1435 1852 siecle,
1453 1820 1470 1845 il
1495 1819 1602 1846 semble
1622 1827 1678 1853 que
1701 1819 1725 1844 le
1742 1818 1794 1844 tari
1816 1819 1872 1844 soit
1894 1818 2006 1843 devenu
2027 1818 2182 1848 uniforme,

1177 1878 1247 1896 sous
1263 1870 1288 1895 le
1313 1877 1377 1895 nom
1394 1868 1428 1894 de
1451 1869 1572 1894 Tay-enus
1590 1869 1668 1900 νεῃιῖς.
1691 1867 1729 1893 Le
1751 1867 1915 1892 formulaire
1930 1866 1964 1892 de
1982 1866 2007 1892 la
2023 1865 2113 1892 Zecca
2128 1864 2185 1891 sso-

1178 1919 1288 1945 rentine
1305 1918 1398 1953 publie
1419 1926 1468 1952 par
1492 1917 1625 1951 Garampi
1647 1917 1755 1949 (Samio
1773 1917 1803 1941 cli
1825 1917 2008 1942 osserrazioue
2029 1916 2073 1940 sul
2097 1915 2185 1940 calore

1176 1968 1244 1993 delle
1259 1967 1366 1993 antiche
1380 1969 1480 1992 monete
1494 1967 1642 1999 pontificia,
1660 1965 1794 2000 append.‚
1815 1974 1842 1999 p.
1863 1965 1906 1997 35)
1923 1973 1996 1991 nous
2013 1964 2119 1990 sournit
2134 1971 2185 1990 Sur

1176 2017 1202 2042 la
1217 2015 1408 2050 composition
1423 2019 1451 2041 et
1466 2015 1490 2041 la
1510 2015 1608 2041 valeur
1623 2014 1657 2040 de
1673 2022 1705 2040 ce
1724 2014 1775 2040 tari
1793 2014 1846 2040 des
1863 2014 2110 2047 renseignements
2126 2013 2186 2039 tres

1178 2064 1271 2100 precis
1285 2075 1289 2090 :
1303 2067 1411 2091 Aurum
1422 2067 1589 2094 tarenorum,
1600 2063 1671 2096 quod
1684 2064 1829 2089 laboratur
1840 2065 1897 2088 tam
1910 2064 1938 2088 in
1950 2063 2017 2087 sivla
2029 2061 2185 2088 Brunduzii

1177 2122 1261 2147 quam
1278 2115 1309 2140 in
1325 2115 1391 2139 sivla
1408 2113 1541 2145 Messana,
1558 2115 1594 2138 esc
1611 2113 1641 2138 (Ie
1660 2114 1763 2138 caratis
1778 2112 1891 2137 sedecim
1907 2113 1930 2137 et
1947 2110 2044 2141 tertia,
2062 2112 2101 2136 ita
2115 2109 2186 2143 quod

1177 2163 1291 2196 quelibet
1306 2163 1377 2188 libra
1391 2163 1457 2187 anri
1473 2163 1621 2187 unciarum
1631 2161 1679 2187 XII
1694 2162 1761 2186 tenet
1773 2161 1804 2185 (Ie
1814 2167 1886 2193 puro
1900 2162 1923 2185 et
1939 2160 1994 2192 fino
2005 2167 2074 2185 auro
2087 2160 2185 2184 uncias

1182 2212 1244 2238 VIII
1260 2214 1368 2238 tarenos
1386 2212 1416 2243 12·
1428 2211 1531 2244 relique
1547 2218 1606 2236 vero
1619 2211 1698 2236 uncie
1712 2211 1779 2236 auri
1791 2212 1843 2235 tres
1857 2212 1881 2235 et
1894 2212 1985 2235 tarem
1999 2208 2064 2235 XXV
2076 2211 2141 2234 sunt
2155 2209 2186 2234 in

1177 2263 1279 2294 quarta
1294 2262 1372 2293 parte
1387 2260 1418 2285 cte
1433 2267 1476 2285 erc
1491 2262 1516 2285 et
1530 2260 1561 2284 in
1577 2259 1664 2284 tribus
1677 2258 1806 2293 partibus
1819 2258 1850 2283 de
1865 2259 1977 2290 arqento
1992 2265 2067 2283 noro.
2085 2255 2186 2282 C'etait

1178 2318 1213 2336 en
1233 2317 1343 2335 somme
1356 2330 1363 2339 ,
1379 2317 1415 2335 on
1433 2309 1458 2334 Ie
1474 2309 1548 2340 voit.
1566 2316 1622 2334 une
1638 2308 1770 2333 monnaie
1788 2306 1898 2333 d'assez
1913 2306 1963 2332 bas
1983 2306 2047 2332 aloi.
2065 2304 2185 2340 D'apres

1178 2358 1328 2393 Gamxupi,
1346 2359 1371 2384 le
1387 2357 1469 2384 ssorin
1481 2378 1488 2390 ,
1513 2365 1578 2383 vers
1595 2360 1669 2383 cette
1685 2357 1778 2382 meme
1793 2358 1920 2390 e‘poque,
1938 2355 2039 2385 valait,
2056 2354 2127 2381 dans
2142 2354 2186 2380 les

1178 2407 1399 2435 Deux-Sicites,
1425 2407 1469 2432 six
1494 2405 1574 2432 taris.
1595 2404 1650 2431 Les
1673 2408 1739 2431 cent
1758 2404 1828 2431 taris
1848 2403 1883 2430 de
1899 2403 2042 2430 Monreale
2057 2403 2187 2429 auraient

1178 2458 1252 2483 dono
1268 2458 1433 2491 i·epr(=sente
1448 2457 1464 2482 a
1479 2463 1512 2482 ce
1531 2458 1658 2481 moment
1673 2454 1806 2488 dix-sept
1820 2453 1921 2480 florins
1936 2453 2066 2479 environ.

1213 2506 1293 2532 Cette
1314 2506 1411 2531 valeur
1435 2507 1479 2530 est
1501 2504 1539 2530 du
1562 2507 1638 2530 reste
1655 2503 1724 2529 celle
1740 2502 1789 2536 qui
1809 2502 1915 2528 resulte
1935 2501 1986 2527 des
2001 2503 2130 2535 comptes
2145 2499 2184 2526 du

1177 2556 1332 2582 collecteur
1347 2553 1525 2588 apostolique
1540 2561 1613 2587 pour
1635 2552 1661 2578 la
1684 2551 1819 2586 province
1834 2551 1868 2576 de
1890 2549 2037 2576 Benevent
2052 2557 2087 2574 en
2104 2547 2183 2574 1324.

1177 2603 1219 2630 On
1235 2612 1253 2638 y
1268 2603 1300 2629 lit
1315 2611 1349 2629 en
1365 2602 1430 2629 effet
1448 2613 1453 2628 :
1471 2603 1522 2628 ubi
1535 2602 1641 2627 dicitur
1660 2608 1780 2626 TARENUS
1796 2599 1991 2631 intclliyantur
2004 2605 2053 2631 pro
2068 2597 2185 2630 quolibet

1179 2654 1272 2678 tarano
1286 2652 1339 2677 duo
1354 2651 1480 2677 caruleni
1494 2651 1526 2676 (Ze
1540 2652 1664 2684 arqento,
1682 2651 1707 2674 et
1721 2648 1835 2681 quilibet
1849 2648 1996 2673 carulanus
2010 2646 2081 2672 valet
2093 2652 2183 2678 yram

1177 2702 1280 2734 decem,
1297 2704 1342 2734 et,
1365 2708 1403 2726 un
1420 2708 1474 2735 peu
1490 2699 1554 2734 plus
1570 2699 1640 2724 haut
1659 2708 1664 2724 :
1681 2698 1729 2723 ubi
1744 2697 1849 2723 dicitur
1863 2697 1982 2729 floremus
1996 2695 2063 2720 auri
2078 2693 2183 2720 intelli-

1175 2752 1280 2783 9antur
1299 2749 1441 2775 duodecim
1460 2747 1587 2774 carulenz'
1606 2746 1638 2772 de
1658 2748 1769 2779 arqento
1785 2745 1886 2778 (Arch.
1904 2743 2013 2774 Vatic.,
2030 2743 2141 2768 Introit.
2158 2744 2184 2768 et

1176 2799 1261 2830 Exit„
1278 2804 1310 2824 n⁰
1324 2797 1366 2827 63,
1383 2797 1431 2823 fol.
1447 2797 1504 2828 27).

1212 2846 1255 2873 En
1274 2846 1349 2878 1324,
1363 2845 1388 2871 le
1405 2844 1457 2871 tari
1473 2844 1541 2870 etait
1557 2843 1630 2869 done
1645 2842 1744 2868 evalue
1759 2843 1774 2868 a
1789 2841 1865 2867 deux
1880 2840 1998 2871 carlins;
2015 2844 2053 2871 et,
2070 2847 2182 2866 comme

1175 2895 1201 2922 le
1217 2895 1305 2921 carliu
1322 2895 1389 2920 etait
1403 2893 1429 2919 le
1444 2893 1591 2919 douzieme
1606 2891 1641 2918 du
1663 2890 1747 2917 florin
1759 2911 1766 2923 ,
1789 2890 1808 2916 il
1828 2898 1862 2916 en
1882 2890 1989 2916 resulte
2009 2897 2065 2924 que
2083 2889 2109 2915 le
2128 2889 2182 2915 tari

1177 2944 1261 2970 valait
1278 2943 1320 2978 1s6
1336 2943 1373 2969 du
1393 2941 1477 2968 ssorin
1489 2963 1495 2972 ,
1515 2949 1548 2967 ee
1570 2940 1618 2974 qui
1639 2947 1712 2966 nous
1727 2939 1820 2966 donne
1835 2946 1908 2973 pour
1923 2939 1965 2965 les
1980 2941 2046 2965 cent
2060 2938 2131 2965 taris
2147 2937 2183 2964 de

1177 2992 1320 3020 Monreale
1336 2999 1392 3018 une
1407 2990 1504 3017 valeur
1519 2989 1554 3015 de
1568 2988 1643 3015 seize
1657 2988 1759 3015 ssorins
1774 2987 1808 3014 66
1824 2987 1991 3014 centiemes.

2026 3049 2042 3076 3
