2476 3540
626 344 677 374 LE
700 344 843 374 LIBER
866 342 1100 373 CENSUUM
1127 341 1179 371 DE
1203 335 1388 371 L'EGLISE
1412 340 1621 370 ROMAINE.
2155 340 2171 369 9

147 411 219 439 Item
240 412 445 439 monasterium
462 411 559 437 Sancti
580 410 697 437 Eusebii
716 411 723 427 ¹
742 419 759 436 ii
776 409 862 435 libras
882 417 947 435 cere
963 415 974 429 α
987 410 1008 434 ².

109 588 133 617 a)
149 587 217 611 Item
278 593 298 610 11
313 587 397 610 libras
411 593 472 610 cere
490 587 594 609 omittit
612 588 650 608 Δ.

78 772 152 790 secas
167 765 258 797 ipsam
275 765 364 789 lacum
380 765 507 796 plantari
523 763 719 789 studiosissime
733 762 796 794 fecit
812 758 1000 791 (Watterich,
1023 758 1083 783 Vitae

77 813 239 846 pontificum
255 813 448 842 Romanorum,
462 811 499 845 Π,
518 821 543 846 p.
566 811 635 837 1191.

120 861 160 887 En
189 861 261 893 1179,
289 860 396 894 l'eglise
420 861 454 886 de
479 860 580 886 Latran
603 863 687 894 ayant
709 860 806 893 repar&
829 855 978 890 l'nquoduc
1000 857 1014 881 ii
1039 863 1087 881 ses

81 909 160 940 frais,
177 913 205 935 et
220 913 305 943 ayant
315 911 421 935 aranee
438 918 473 935 au
490 907 675 942 Saint-Siege
690 915 743 933 une
758 913 868 931 somine
884 904 918 930 de
933 904 983 930 ‘294
1000 903 1087 929 livi-es

81 958 228 992 provinois
249 966 321 992 pour
345 958 556 984 desinteressei·
579 956 654 982 deux
680 955 777 981 nobles
798 954 937 980 Romains
961 953 976 977 ii
997 951 1045 985 qui
1062 951 1087 977 18

80 1014 153 1041 pape
172 1006 246 1032 avait
268 1008 313 1032 ete
336 1006 430 1041 oblige
451 1005 606 1040 d’engager
626 1012 675 1031 ces
697 1004 842 1030 famouses
863 1002 1042 1034 possessiones
1057 1000 1087 1026 de

82 1055 151 1080 Lacu
172 1063 235 1080 cum
262 1056 350 1081 vineis
368 1057 393 1080 et
412 1057 532 1088 quatuor
556 1053 736 1085 molendtnztv,
758 1049 922 1077 Alexandro
938 1048 980 1075 ΙΙΙ
1001 1049 1087 1075 laissa

81 1111 130 1130 ees
150 1104 251 1137 vignes
267 1108 295 1130 et
309 1112 360 1130 ces
376 1104 500 1130 moulins
515 1111 571 1128 aux
588 1102 680 1128 mains
696 1102 746 1127 dos
765 1100 932 1132 Chaminos,
951 1100 966 1124 a
981 1098 1087 1131 charge

80 1161 131 1188 par
146 1161 202 1179 eux
222 1153 256 1178 de
276 1161 363 1187 payei·
383 1153 595 1178 annuellement
616 1160 650 1177 au
672 1150 855 1183 Saint-Si'cge
870 1149 894 1174 la
912 1152 990 1174 rente
1007 1155 1088 1173 men-

80 1201 195 1227 tionnee
217 1201 252 1227 ici
276 1209 325 1235 pai·
345 1201 370 1226 le
393 1201 468 1226 Liber
489 1201 624 1227 Gens-uum
646 1209 651 1225 :

82 1251 167 1276 vineis
190 1253 213 1276 et
234 1252 353 1283 quatuor
375 1250 555 1282 molendinis,
577 1256 628 1282 pro
647 1248 770 1273 ducentis
787 1247 941 1279 nouaqinta
966 1247 1089 1278 quatuor

675 1199 851 1224 Possessioncs
874 1198 905 1222 ele
926 1197 1006 1226 Lacu,
1026 1204 1088 1221 cum

82 1299 160 1324 libris
185 1300 421 1331 proveniensium,
439 1305 508 1330 quas
528 1297 564 1322 acl
583 1304 626 1322 eas
648 1295 847 1328 recuperandas
864 1295 941 1320 Petro
957 1294 1085 1325 Pandulfi

82 1347 220 1374 Alkerutii
238 1349 261 1372 et
285 1347 427 1373 Ali-eructo
449 1347 578 1372 Romanis
605 1345 707 1371 civibus
723 1344 866 1377 judicibus
891 1345 914 1369 et
940 1343 1087 1370 advocatis,

82 1397 191 1422 nornine
206 1398 308 1425 nostro,
325 1396 456 1425 solvistis,
470 1397 493 1420 et
505 1402 557 1428 pro
573 1395 714 1427 seivaainta
725 1395 845 1426 quatuor
860 1400 927 1426 qaas
940 1400 991 1425 pra
1007 1399 1090 1424 aque-

83 1445 166 1470 ductu
192 1444 345 1478 reparando
367 1444 544 1477 empenffistis,
568 1443 641 1468 vobis
664 1445 686 1468 et
711 1443 814 1468 ecclesie
838 1443 921 1467 vestre
946 1449 1030 1473 usque
1055 1440 1091 1466 ad

83 1493 245 1519 solutionem
271 1495 413 1525 pretaxate
436 1485 548 1526 pecunie
571 1492 756 1525 obliqamus...
779 1491 893 1516 Fructus
909 1492 1001 1515 autem
1018 1491 1090 1515 inte-

83 1542 137 1568 rim
165 1543 370 1575 provenientes,
394 1542 490 1567 vestris
518 1542 634 1567 volentes
657 1540 858 1566 necessitatibus
882 1539 1034 1572 providere,
1059 1538 1090 1564 de

84 1598 160 1616 mera
174 1591 246 1617 vobis
263 1591 385 1617 libertate
400 1591 544 1616 donamus.
563 1590 607 1616 Vos
623 1592 715 1615 autem
732 1592 786 1615 octo
804 1589 894 1615 rabios
905 1589 1050 1621 frumenti,
1067 1589 1091 1613 ct

85 1639 195 1666 lotidem
216 1640 303 1671 ordei,
320 1642 343 1665 et
358 1638 427 1666 (litas
449 1641 552 1666 salmas
575 1639 684 1665 viniaci
704 1639 821 1671 cupellas
843 1638 992 1663 annuatim
1015 1636 1090 1662 nohis

84 1689 236 1721 nostrisque
257 1689 451 1714 successoribus
472 1689 662 1720 persolvetis...
680 1686 862 1719 (Corvisieri,
886 1685 957 1711 dans
975 1685 998 1710 le
1020 1686 1090 1710 Bizo-

84 1739 195 1762 narroti
209 1737 244 1762 de
261 1737 338 1767 1870,
355 1745 384 1771 p.
404 1737 470 1770 1893
487 1737 522 1763 cf.
539 1735 810 1766 Jaffe-Loewenfeld‚
828 1742 858 1760 n⁰
876 1734 982 1767 13461).

119 1785 158 1812 Le
181 1786 313 1819 raabam,
331 1786 457 1816 rublum,
477 1786 587 1811 rubium
611 1793 648 1811 ou
674 1785 757 1810 rubus
779 1788 824 1810 est
847 1792 901 1809 une
923 1791 1036 1809 {nesure
1056 1782 1091 1808 de

84 1835 210 1870 capacite
226 1843 298 1869 pour
313 1835 355 1860 les
371 1834 496 1868 solides,
515 1843 550 1860 en
566 1835 672 1867 italien,
689 1834 794 1859 rubbio.

120 1882 215 1915 Quant
230 1885 245 1908 a
262 1883 287 1909 la
301 1891 409 1916 sauma,
423 1891 496 1909 nous
511 1891 601 1909 avons
617 1891 652 1908 vu
670 1890 724 1916 que
740 1881 834 1907 c'etait
848 1881 874 1907 la
885 1881 989 1915 charge
1005 1879 1090 1906 d'une

85 1932 148 1959 bete
163 1932 197 1958 de
212 1940 332 1965 somme,
346 1937 381 1963 et,
397 1941 447 1967 par
463 1934 650 1966 consequent,
665 1939 719 1957 uno
732 1939 844 1957 mesni-e
861 1930 966 1964 pai-fois
978 1930 1031 1955 mul
1045 1929 1091 1955 de-

83 1981 159 2007 finie.
179 1980 261 2007 Deux
277 1981 447 2007 documents
463 1980 499 2006 du
517 1980 665 2007 douzieme
681 1980 778 2013 siecle,
795 1980 867 2006 cites
882 1988 932 2014 pai·
945 1979 982 2004 M*
995 1977 1090 2004 Corvi-

83 2030 151 2057 sieri
173 2030 245 2055 dans
270 2030 294 2055 le
320 2030 489 2055 Buonarroti
510 2029 545 2055 de
566 2029 633 2055 1870
657 2032 693 2063 (p.
721 2028 794 2061 186).
815 2035 888 2053 nous
914 2030 1092 2061 apprennent

82 2079 167 2113 qu‘on
183 2078 352 2112 distinguant
369 2086 442 2112 pour
453 2078 479 2104 18
496 2078 540 2103 vin
557 2077 632 2103 deux
649 2081 741 2103 sortes
758 2076 791 2102 de
807 2084 910 2102 saamae
927 2085 934 2102 :
950 2076 975 2102 la
991 2083 1090 2101 sauma

83 2127 118 2154 ad
130 2130 202 2153 utres
213 2131 241 2153 et
255 2127 280 2153 Ia
291 2134 390 2152 sauma
402 2127 437 2152 ad
449 2126 604 2159 c11ppettas;
616 2125 641 2151 la
653 2125 792 2160 premiere
804 2125 888 2151 valait
898 2125 968 2150 trois
979 2127 1089 2155 outres,

84 2179 112 2202 et
127 2176 142 2203 6
161 2184 263 2202 saum&
278 2176 312 2201 de
330 2179 404 2202 cette
421 2176 525 2209 espece
541 2174 731 2208 equivalaient
749 2176 764 2200 a
780 2174 795 2200 4
811 2181 913 2199 saamae
928 2174 963 2199 arl
982 2173 1092 2206 cappel—

86 2225 135 2252 las.
150 2224 213 2250 «Ten
230 2225 349 2251 conclus
364 2223 470 2258 qu'une
493 2231 591 2249 sauma
612 2224 648 2248 acl
663 2223 799 2257 cuppellas
814 2223 899 2249 valait
917 2223 926 2247 l
944 2229 1043 2248 sauma
1059 2221 1094 2255 ¹l2

85 2274 121 2300 ad
140 2276 229 2304 utres,
247 2272 427 2299 c’est-a-dire
450 2272 464 2299 3
485 2276 583 2299 outres
599 2275 642 2303 ¹l3.
659 2271 697 2297 Le
719 2272 797 2298 Liber
820 2272 955 2298 Censuum
978 2274 1092 2305 compte

86 2323 124 2349 ici
139 2331 188 2357 par
206 2330 308 2348 saumae
319 2322 353 2347 aa
368 2325 450 2353 atres,
464 2324 492 2347 et
507 2321 577 2348 c'est
594 2329 665 2356 pour
680 2321 739 2347 cela
753 2321 819 2355 qu'il
831 2329 865 2346 en
878 2320 995 2355 indique
1007 2320 1090 2353 trois;

86 2371 113 2398 la
128 2371 204 2398 bulle
226 2370 418 2397 d’Alexandre
441 2369 503 2402 ΙΙΙ,
525 2373 671 2405 comptant
691 2378 741 2404 par
762 2378 863 2396 saumae
885 2370 920 2395 acl
940 2370 1090 2403 cappellus,

87 2428 122 2447 en
139 2421 302 2447 mentionne
318 2420 477 2446 seulement
494 2419 580 2451 deux,
598 2427 681 2454 parce
696 2427 751 2454 que
767 2419 837 2446 trois
853 2427 955 2445 saumae
968 2419 1004 2444 all
1022 2421 1093 2445 utres

87 2469 249 2504 equivalent
263 2471 279 2495 iz
294 2469 370 2495 deux
385 2476 487 2494 sauma?
502 2467 538 2494 ad
552 2468 699 2501 cuppellas.

124 2519 149 2545 1.
167 2517 205 2544 Le
221 2518 382 2544 monastere
396 2517 431 2543 de
447 2516 660 2543 SaintEusebe
675 2518 691 2543 a
706 2516 865 2551 I'Esquilin‚
881 2520 942 2543 tout
958 2518 1023 2552 pres
1040 2516 1092 2543 des

86 2567 222 2602 trophees
237 2567 272 2592 de
288 2566 412 2599 Marius;
430 2565 501 2592 c’est
519 2574 556 2592 un
572 2566 637 2592 titre
652 2565 831 2592 cardinalice.

123 2615 148 2642 2.
169 2615 294 2650 J'ajoute
318 2617 334 2641 a
350 2616 375 2641 la
399 2615 465 2641 liste
485 2615 519 2640 de
540 2613 663 2641 Cencius
683 2614 821 2649 quelques
843 2615 1092 2649 renseignements

87 2665 354 2699 complementaires
370 2672 420 2690 sui·
436 2663 478 2689 les
493 2671 563 2689 cens
579 2663 680 2689 etablis
695 2663 766 2690 dans
788 2663 880 2690 Rome
902 2672 937 2690 au
955 2663 1039 2698 profit
1054 2663 1092 2689 du

87 2713 272 2748 Saint-Siege
287 2712 412 2748 pendant
427 2713 452 2738 le
469 2711 618 2738 douzieme
633 2715 661 2737 et
677 2712 703 2738 le
717 2711 861 2738 treizieme
877 2712 975 2739 siecle.

123 2762 287 2798 L'autipape
307 2762 429 2788 Anaclet
452 2761 497 2793 H,
514 2769 563 2796 par
586 2769 623 2787 un
647 2764 709 2787 acte
731 2761 794 2788 date
816 2761 853 2788 du
876 2761 910 2788 ‘25
935 2762 989 2788 mai
1008 2761 1090 2795 1130,

87 2811 247 2839 confirmait
264 2811 306 2838 les
324 2810 509 2846 possessions
525 2814 553 2836 et
573 2809 726 2845 privileges
741 2810 775 2836 de
791 2809 899 2845 l'eglise
920 2810 1092 2837 Saint-Lau-

85 2864 162 2893 rent,
180 2861 249 2895 qu'il
264 2860 359 2886 venait
379 2859 415 2885 de
429 2867 581 2885 consacrer
596 2860 612 2885 a
627 2867 758 2885 nouveau
769 2881 775 2891 ,
793 2863 820 2885 et
839 2859 972 2894 imposait
987 2861 1003 2885 a
1018 2862 1093 2885 cette

86 2910 176 2944 eglise
192 2918 228 2936 un
245 2917 314 2935 cens
330 2908 433 2935 annuel
450 2908 484 2934 de
501 2907 576 2934 deux
593 2907 766 2934 marabotinis
782 2906 880 2941 (Jaffe,
900 2913 930 2934 n⁰
947 2908 1037 2940 8405).

120 2957 161 2985 Le
175 2957 209 2985 23
229 2957 392 2992 septembre
414 2956 481 2983 1222
492 2976 501 2992 ‚
516 2955 663 2982 Honorius
677 2955 736 2989 ΠΙ,
753 2959 872 2990 prenant
888 2965 958 2983 sous
978 2964 1010 2982 sa
1026 2964 1093 2991 pro—

84 3007 192 3034 tection
206 3005 333 3041 I’hopital
348 3008 376 3032 et
391 3006 416 3032 la
431 3005 559 3040 chapelle
580 3004 615 3031 de
637 3003 862 3031 Saint-Mathieu
878 3005 909 3030 de
929 3005 1092 3035 Merulana,

229 3067 313 3095 Lmen
331 3066 472 3094 Cnnsmm.
492 3079 530 3087 -·
546 3064 570 3093 L

1165 407 1202 436 IN
1219 416 1406 436 EPISCOPATU
1427 407 1598 436 Hosrinxsi
1616 411 1637 434 ⁸.

1246 460 1402 489 Homines
1415 459 1559 496 ejusdem
1575 458 1715 488 civitatis
1731 457 1756 494 b,
1773 458 1804 486 in
1819 458 1897 488 sesto
1915 458 2100 488 Nativitatis
2112 459 2173 488 Do-

1205 512 1286 541 mini
1305 516 1333 541 et
1353 513 1459 546 Pasce,
1480 521 1500 540 n
1518 511 1666 549 plactatas
1683 511 1846 548 lignorum
1862 512 1884 540 ¹.

1246 564 1380 595 Ecclesia
1395 565 1503 594 Sancti
1516 564 1635 594 Andree
1654 564 1686 594 in
1700 563 1791 593 Silice
1810 566 1833 600 ²,
1851 572 1909 603 pro
1927 563 2050 594 ecclesia
2064 565 2176 594 Sancti

1199 737 1224 766 a)
1239 738 1271 759 In
1294 737 1422 765 maraine
1439 737 1581 764 inferiori,
1597 744 1650 760 sec.
1670 743 1746 760 ruam.
1765 738 1793 759 in
1812 736 1854 759 nl
1872 743 1877 759 .·
1895 737 1975 759 Anno
1992 736 2100 759 Domini
2118 736 2174 759 mil-

1168 781 1264 804 lesimo
1281 780 1473 803 trecentesimo
1490 783 1580 809 XLVI&
1597 786 1633 803 xv
1649 780 1699 804 kal.
1718 780 1794 807 maii,
1812 780 1986 810 pontificatus
2008 780 2174 803 sanctissimi

1168 825 1253 854 patris
1270 824 1372 847 domini
1392 823 1540 847 Clementis
1557 831 1626 854 pape
1645 824 1714 847 sexti
1736 831 1807 847 anno
1830 828 1941 854 quarto.
1959 824 2029 847 idem
2047 824 2174 848 dominus

1169 875 1239 899 papa
1258 869 1431 899 magistrum,
1447 869 1558 895 fratres,
1574 875 1697 897 sorores,
1714 869 1842 897 donaces,
1860 869 2046 899 prcceptorias
2063 869 2174 898 domos,

1169 913 1310 943 grangias,
1329 912 1449 935 oratoria
1465 912 1615 942 Hospitalis
1640 912 1733 935 Sancti
1759 912 1892 936 Johannis
1912 913 2122 935 Ierosolimitani
2142 913 2176 935 ab

1170 957 1243 980 omni
1258 956 1435 986 juridictione
1452 963 1686 985 quorumcumque
1705 956 1906 979 ordinariorum
1929 964 2039 986 prorsus
2059 957 2175 984 exemit,

1170 1004 1209 1031 et,
1227 1001 1254 1024 in
1271 1001 1378 1030 signum
1395 1003 1522 1030 percepta
1539 1000 1673 1022 libertatis
1690 1003 1715 1023 et
1735 1000 1930 1030 exemptionis,
1947 1001 2033 1023 voluit
2054 1003 2079 1023 et
2100 1000 2176 1023 ordi-

1169 1046 1246 1069 navit
1262 1045 1334 1075 quod
1351 1045 1415 1068 dicti
1430 1044 1553 1074 magistri
1569 1048 1593 1067 et
1611 1045 1707 1067 fratres
1723 1048 1868 1067 teneantur
1882 1044 1915 1067 de
1929 1045 2039 1067 biennio
2054 1045 2081 1067 in
2098 1044 2176 1067 bien-

1169 1090 1246 1113 nium
1269 1090 1375 1113 solvere
1392 1088 1505 1112 Camere
1522 1088 1693 1118 Apostolice,
1713 1088 1740 1110 in
1756 1088 1826 1119 festo
1844 1087 2009 1111 Sanctorum
2028 1088 2176 1118 Apostolo-

1170 1142 1231 1158 rum
1249 1135 1323 1162 Petsi
1340 1136 1366 1158 et
1387 1134 1478 1163 Pauli,
1494 1140 1577 1156 unam
1593 1134 1728 1156 marcham
1745 1134 1813 1156 auri.
1835 1134 1966 1156 Admittit
1986 1132 2076 1157 Av‘Z:
2094 1133 2178 1156 ceteri

1171 1181 1316 1204 omittunt.

1203 1225 1227 1256 b)
1243 1227 1276 1248 In
1293 1225 1423 1254 margine
1442 1223 1485 1247 ni
1512 1226 1536 1246 ct
1558 1224 1642 1246 ceteri
1659 1232 1665 1246 .·
1682 1222 1802 1252 Require
1824 1222 1895 1245 infra
1918 1223 2129 1245 instrumentum
2151 1221 2178 1244 in

1171 1270 1293 1294 secunda
1308 1272 1382 1293 carta
1398 1274 1460 1292 xiiii
1478 1268 1591 1292 caterni.

1172 1441 1300 1477 stipulait
1312 1449 1367 1467 une
1378 1440 1536 1466 redevnnce
1551 1439 1683 1465 annuelle
1697 1437 1781 1464 d'une
1793 1437 1862 1463 livre
1873 1437 1908 1463 de
1919 1437 1977 1463 cire
1988 1436 2088 1466 (Areia.
2100 1435 2178 1469 Vat.‚

1171 1490 1323 1527 Registres
1340 1488 1514 1515 d'Honorius
1529 1487 1580 1516 III.
1600 1492 1630 1513 n0
1648 1487 1689 1517 12,
1706 1486 1753 1512 fol.
1772 1487 1812 1515 10.
1830 1494 1892 1520 cap.
1909 1486 2026 1517 xxxvii).

1207 1539 1246 1565 Le
1262 1539 1397 1573 Registre
1421 1537 1496 1563 dela
1517 1537 1637 1563 sixi'eme
1660 1538 1750 1562 annee
1771 1534 1939 1561 d'Innocent
1962 1534 2002 1560 IV
2019 1533 2177 1567 contenait,

1171 1598 1206 1616 au
1230 1589 1357 1622 chapitle
1377 1595 1479 1616 xcvui,
1502 1594 1541 1612 un
1562 1585 1700 1619 privilege
1719 1592 1753 1609 en
1779 1583 1878 1609 savem·
1900 1583 1938 1609 du
1961 1583 2123 1609 monastere
2145 1581 2180 1607 de

1172 1637 1390 1670 Sainte-Agnes
1405 1636 1456 1662 des
1472 1634 1672 1663 Catacombes‚
1692 1633 1829 1667 privilege
1845 1633 1893 1666 qui
1912 1631 2040 1666 stipulait
2057 1640 2093 1657 un
2111 1638 2180 1657 cens

1172 1687 1256 1713 d’une
1272 1687 1341 1712 livre
1356 1685 1390 1710 de
1408 1685 1476 1710 cire.
1495 1682 1543 1715 (La
1564 1683 1598 1708 1‘0
1614 1682 1703 1716 partie
1720 1681 1753 1707 de
1770 1689 1802 1706 ce
1820 1680 1954 1714 Registre
1970 1684 2053 1714 ayunt
2072 1681 2116 1705 8ῑρ
2133 1687 2181 1704 ar-

1172 1736 1289 1768 rachee,
1307 1735 1338 1768 je
1354 1734 1473 1759 restitue
1493 1740 1525 1757 ce
1546 1731 1631 1757 detail
1653 1730 1765 1764 d'apres
1785 1730 1810 1755 la
1830 1729 2014 1763 compilation
2037 1732 2180 1754 contenue

1171 1784 1244 1810 dans
1259 1784 1283 1809 le
1300 1783 1355 1809 vol.
1373 1782 1387 1807 4
1404 1781 1438 1806 de
1454 1780 1550 1806 luy-m.
1568 1779 1589 1804 L
1605 1779 1657 1804 des
1674 1778 1814 1805 Archives
1831 1777 2008 1808 Vane-anes.)

1207 1832 1306 1863 Enfin,
1326 1831 1449 1857 Albinus
1467 1829 1579 1862 (Patrol.
1600 1829 1663 1857 lat.,
1686 1833 1761 1853 tome
1778 1825 1917 1856 XCVIII,
1936 1826 1990 1852 col.
2009 1826 2086 1857 470),
2102 1828 2183 1851 outre

1172 1882 1318 1918 plusieurs
1334 1880 1384 1906 des
1400 1887 1469 1905 cens
1485 1880 1557 1904 cites
1573 1885 1623 1911 pai·
1639 1876 1773 1907 Oeneius
1791 1876 1957 1901 meutionne
1973 1882 2076 1900 encore
2096 1885 2100 1898 ς

1210 1942 1220 1954 «
1239 1932 1442 1957 Manasterzutn
1459 1921 1554 1953 Sani-tt
1571 1926 1652 1952 Pauli
1664 1933 1763 1958 panem
1780 1932 1830 1958 pro
1848 1932 1963 1958 persana
1979 1924 2087 1949 domini
2105 1929 2181 1955 pape.

1209 1980 1339 2007 Canonici
1355 1978 1545 2003 Latet-ancnses
1562 1976 1701 2000 similiter.

1208 2029 1325 2056 Ecclesia
1344 2026 1439 2052 Sancti
1460 2025 1547 2050 Marci
1567 2031 1584 2049 x
1604 2023 1703 2049 solidos
1722 2022 1902 2047 denariorum
1922 2022 2114 2055 papiensium,
2132 2027 2183 2053 pro

1174 2085 1264 2104 massa
1280 2084 1363 2110 quam
1380 2082 1455 2108 papa
1472 2074 1622 2100 celestinus
1637 2073 1662 2097 ei
1677 2073 1815 2097 concessit.

1209 2127 1326 2153 Ecclesia
1345 2125 1439 2152 Sancti
1454 2121 1530 2148 Petri
1545 2130 1582 2148 xx
1597 2121 1695 2147 solidos
1712 2121 1874 2145 lucensium.
1896 2124 1900 2125 ⁷

1210 2176 1328 2203 Ecclesia
1341 2174 1438 2201 Sancte
1449 2172 1573 2198 Susanna
1586 2178 1674 2195 annm
1685 2170 1816 2201 scifatum
1827 2171 1852 2194 et
1863 2176 1952 2194 unum
1964 2167 2183 2193 marabotinum.

1208 2225 1327 2251 Ecclesia
1341 2223 1439 2250 Sancte
1455 2220 1584 2247 Praoeedis
1602 2226 1688 2244 unum
1703 2218 1845 2250 scifatum.
1862 2228 1874 2241 ι)

1211 2274 1235 2300 1.
1253 2272 1335 2299 Nous
1360 2274 1562 2297 retrouverons
1587 2268 1652 2302 plus
1677 2267 1735 2293 loin
1757 2265 1839 2292 l'acte
1863 2266 1912 2299 qui
1932 2265 2037 2299 stipule
2057 2263 2083 2290 la
2102 2263 2185 2290 rede-

1174 2330 1263 2349 vance
1280 2320 1413 2355 indiquee
1430 2318 1466 2345 ici
1482 2319 1547 2351 (ms.
1564 2316 1684 2350 original
1695 2337 1702 2347 ,
1720 2315 1767 2341 fol.
1785 2314 1835 2341 ‘238
1852 2316 1891 2347 νῦ)
1905 2323 1912 2347 ;
1933 2314 1950 2339 il
1965 2316 2010 2339 est
2026 2313 2063 2339 du
2079 2313 2113 2339 ‘26
2130 2311 2185 2338 mai

1176 2371 1253 2399 1159.
1271 2369 1335 2397 Une
1355 2370 1447 2402 placta
1463 2366 1583 2400 designe
1599 2373 1638 2391 un
1654 2365 1756 2390 bateau
1772 2363 1848 2398 plat3
1866 2371 1901 2389 en
1917 2361 2029 2395 italien,
2044 2363 2132 2394 piatio
2147 2368 2185 2386 ou

1172 2422 1272 2455 piatta.
1290 2420 1427 2448 Plactata,
1444 2416 1515 2442 c’est
1531 2415 1556 2440 le
1572 2414 1760 2447 Chai-gement
1777 2412 1811 2438 de
1827 2420 1860 2438 ce
1875 2411 1988 2437 bateau.

1211 2469 1237 2495 ⁶2.
1253 2468 1292 2494 Le
1309 2467 1471 2494 monaster-e
1495 2465 1530 2491 de
1551 2462 1749 2490 Saint—Andre'
1777 2464 1805 2487 in
1827 2461 1908 2487 silice
1930 2459 1997 2486 etait
2020 2459 2096 2485 situe
2111 2457 2185 2483 dans

1174 2520 1200 2546 le
1223 2518 1365 2545 teri-itone
1392 2516 1426 2542 de
1447 2513 1565 2540 Velletri
1594 2513 1646 2545 (les
1674 2512 1797 2538 eveches
1819 2509 1928 2536 d’Ostie
1953 2512 1981 2535 et
2007 2508 2042 2534 de
2066 2505 2185 2532 velletri

1174 2567 1290 2598 etaient,
1301 2568 1317 2592 a
1332 2565 1462 2600 l'epoque
1473 2564 1510 2590 ou
1528 2570 1602 2589 nous
1617 2568 1755 2595 sommes,
1769 2559 1867 2586 reunis
1883 2558 1986 2592 depuis
1997 2557 2183 2590 longtempsl;

1173 2617 1193 2644 il
1203 2616 1279 2643 avait
1290 2614 1442 2649 remplace,
1457 2612 1543 2638 suria
1555 2611 1617 2637 voie
1629 2610 1782 2644 Appienne
1792 2609 1830 2633 (in
1848 2607 1950 2640 silice),
1963 2605 2120 2631 l'ancienne
2129 2603 2185 2629 cite

1173 2666 1209 2692 de
1227 2666 1288 2691 Tres
1306 2664 1432 2690 Taberna?
1447 2661 1500 2694 (Cf.
1512 2659 1618 2693 Nibby‚
1635 2658 1764 2685 Annalisi
1779 2656 1852 2681 della
1867 2657 1945 2680 carta
1960 2654 2000 2679 ἄρ’
2015 2653 2142 2678 dintorni
2155 2651 2185 2676 di

1174 2716 1264 2744 Roma,
1283 2712 1313 2746 Ι,
1334 2721 1361 2747 p.
1377 2711 1446 2743 414;
1463 2706 1653 2738 Tomassetti,
1670 2706 1799 2732 Archirio
1813 2704 1885 2729 della
1900 2702 2002 2729 Socz'etci
2019 2702 2139 2727 Romana
2155 2699 2185 2724 di

1174 2763 1267 2791 Storia
1283 2762 1389 2791 Patria,
1411 2763 1431 2786 t.
1454 2757 1492 2789 ΙΙ,
1510 2766 1537 2792 p.
1558 2756 1631 2788 155).
1651 2754 1774 2788 L’eglise
1789 2752 1824 2778 de
1839 2750 2057 2784 saint-Jacques
2076 2749 2108 2774 de
2126 2748 2185 2774 Teto

1175 2811 1367 2846 (mentionnee
1381 2807 1471 2844 parmi
1488 2806 1530 2832 les
1546 2803 1731 2840 possessions
1749 2802 1787 2828 du
1802 2800 1965 2827 monastere
1981 2798 2052 2824 dans
2068 2797 2094 2823 la
2108 2796 2184 2823 bulle

1174 2861 1212 2887 du
1228 2860 1244 2887 4
1259 2859 1313 2886 mai
1330 2858 1406 2888 1201,
1424 2864 1474 2891 pai·
1489 2854 1609 2889 laquelle
1625 2852 1768 2878 Innocent
1778 2849 1821 2876 111
1833 2848 1927 2875 reunit
1943 2846 2138 2874 Saint-Andre
2153 2847 2185 2872 in

1173 2910 1248 2935 silice
1262 2909 1277 2933 a
1292 2908 1318 2933 la
1332 2905 1473 2939 basillque
1486 2902 1520 2928 de
1532 2900 1699 2928 Saint-Jean
1717 2899 1751 2925 de
1769 2898 1887 2929 Lati-am
1907 2897 1944 2923 cf.
1960 2895 2066 2930 Nibby‚
2080 2904 2108 2930 p.
2122 2894 2184 2927 422)

1174 2957 1242 2983 etait
1258 2955 1330 2982 dans
1345 2955 1370 2980 le
1386 2952 1527 2979 territoire
1552 2950 1586 2976 de
1609 2949 1685 2983 Cori,
1702 2956 1752 2974 sur
1772 2947 1814 2973 les
1834 2946 1992 2982 premieres
2008 2944 2117 2971 assises
2133 2943 2184 2969 des

1173 3007 1261 3033 Monti
1281 3003 1385 3038 Lepini.

2021 3054 2038 3081 ‘2
