2412 3550
183 317 219 346 62>
727 311 776 340 LE
799 310 941 340 LIBER
965 307 1197 338 CENSUUM
1222 307 1278 337 DE
1300 301 1487 337 L⁷EGL1sE
1510 307 1719 337 ROMAINE.

263 381 403 411 Ecclesia
419 380 531 409 Sancte
551 377 699 407 Mustiole
719 386 737 405 11
759 376 876 406 solidos
893 374 1075 404 lucensium
1092 375 1114 402 ¹.

264 434 401 464 Ecclesia
421 432 528 461 Sancti
546 431 653 460 Lazari
668 430 705 458 (18
718 428 846 458 Terzola
864 437 966 457 unum
983 426 1185 456 0135580111ῐί-

223 497 300 517 num
319 490 342 516 2.

263 539 395 569 Ecclesia
409 538 516 567 Sancti
529 537 687 566 Laurentii
702 546 721 564 11
738 534 848 564 solidos
867 534 1033 563 lucensium
1048 536 1070 563 3.

264 591 394 621 Ecclesia
409 591 519 619 Sancte
542 589 637 618 Marie
659 588 693 617 de
715 587 854 617 Saltiano
877 586 991 616 obolum
1015 596 1144 616 aureum
1159 588 1183 617 ⁴.

218 785 242 810 l.
260 783 380 815 L⁷eglise
403 781 437 807 de
460 781 487 807 S.
513 780 641 805 Mustiota
665 780 698 805 (10
715 779 836 812 Sienne,
854 779 911 805 dite
932 779 993 804 clell'
1011 780 1078 805 ,irco
1100 787 1184 813 parce

182 832 281 867 qn⁷clle
297 835 340 856 est
356 830 447 856 sitnce
463 833 525 855 tout
550 830 565 854 3
590 830 653 855 cote
676 828 710 854 (18
732 828 756 854 la
780 832 859 862 porte
885 827 922 854 du
943 828 1028 854 vieux
1048 828 1183 860 chateau,

182 882 243 907 date
259 880 292 905 (18
312 880 390 911 1181;
408 879 459 904 elle
476 887 490 903 3
506 880 551 904 ete
567 878 725 903 construite
747 886 796 911 par
811 878 851 902 les
869 875 1048 903 Camaldules
1064 876 1182 910 (Lubin,

180 930 357 955 ,lltbatiarmn
376 929 484 957 notitia,
503 936 530 961 p.
548 926 620 958 363).

217 978 348 1011 Registre
360 976 394 1002 (10
408 976 546 1002 Lanfranc
558 976 592 1001 de
608 975 701 1001 Scano
713 976 771 1008 (101.
788 975 827 1006 14)
843 986 848 1000 2
862 976 880 1001 ,1
896 975 988 1000 Priore
1000 975 1070 1001 fliete
1082 976 1184 1001 ecclesie

180 1028 265 1059 recepi
280 1034 386 1052 censum
401 1028 424 1051 et
439 1027 463 1050 ei
478 1026 593 1051 concessi
607 1025 758 1057 apollin-am
778 1025 954 1058 infrascripti
970 1025 1070 1050 tenoris
1087 1033 1094 1049 :

217 1076 353 1101 Llniversis
367 1077 502 1108 presentes
519 1075 627 1100 lictcras
644 1074 816 1107 inspecturis,
830 1073 958 1106 illaqistcr
972 1073 1143 1105 Lanfrancus
1153 1073 1183 1098 de

180 1125 274 1155 Scano,
288 1127 358 1150 ete...
379 1124 558 1149 Hnircrsitati
574 1126 666 1154 cestre,
679 1125 767 1148 tenore
780 1123 960 1155 presentium,
972 1123 1107 1154 inolescat,
1118 1122 1181 1153 Nos,

178 1182 194 1199 a
207 1175 330 1207 religioso
341 1174 399 1198 siro
410 1173 504 1198 Priore
518 1173 622 1198 ecclesie
637 1174 729 1197 sancte
745 1172 869 1197 Mustiole
880 1172 914 1196 ad
930 1172 1031 1196 Arcum
1043 1171 1181 1202 Senensis,

176 1230 226 1256 pro
244 1230 322 1247 censu
337 1229 431 1247 annuo
447 1221 551 1246 ecclesie
566 1221 684 1247 Romane
698 1220 801 1251 debito,
820 1221 849 1245 in
865 1228 917 1252 quo
933 1222 1040 1245 tenetur
1053 1220 1126 1245 (licta
1141 1228 1182 1245 cc-

179 1272 268 1304 clesia,
279 1278 327 1304 pro
340 1271 482 1302 seoeaqinta
496 1270 591 1295 solidis
608 1270 770 1300 lucensium,
785 1272 837 1295 tres
848 1270 962 1302 florenos
972 1270 1038 1294 auri
1048 1271 1180 1303 recepisse,

176 1327 227 1353 pro
242 1319 303 1344 XXX
315 1321 397 1344 annis
411 1320 537 1352 proli-imo
557 1319 710 1351 preteritis,
727 1318 830 1343 (luobus
846 1317 941 1343 solidis
960 1324 1011 1350 pro
1027 1325 1100 1343 anno
1116 1326 1183 1350 qno-

180 1370 239 1395 lilwt
256 1370 427 1401 computatis.
444 1368 476 1393 ln
487 1369 565 1400 cujus
581 1368 621 1392 rei
638 1367 834 1397 testimoniwn‚
848 1369 983 1400 presentes
1000 1367 1108 1392 lieteras
1122 1367 1184 1399 fieri

179 1419 304 1452 fecimus,
322 1420 342 1442 el
362 1420 418 1443 tam
434 1418 597 1443 venerabilis
615 1419 642 1442 in
658 1417 762 1443 Christo
781 1418 871 1449 patris
892 1417 920 1443 R.
945 1417 1068 1449 Episcopi
1083 1416 1183 1443 Senen-

178 1468 213 1492 sis
225 1474 304 1499 quain
324 1467 410 1492 nostri
426 1466 582 1498 sz‘qtltorum
598 1467 755 1491 munimine
769 1466 906 1491 roborari.

211 1515 271 1541 Dat.
287 1515 380 1545 Senis,
397 1522 415 1540 x
437 1517 547 1540 eoeeunte
570 1522 658 1540 mense
680 1514 794 1545 octobri,
812 1522 884 1540 anno
904 1515 1017 1540 Domini
1036 1514 1181 1540 Millesz'mo

175 1564 362 1594 ccofflziurlo,
376 1564 554 1596 pontificatus
569 1563 676 1589 domini
689 1563 797 1590 Nicolai
808 1571 877 1596 pape
894 1563 971 1594 mei,
985 1571 1059 1589 anno
1069 1566 1178 1596 quarto.

208 1613 234 1639 ἰ).
252 1613 280 1639 S.
297 1614 431 1644 Lazzaro,
451 1614 466 1638 a
482 1612 496 1639 3
514 1613 609 1638 kilom.
627 1613 746 1638 environ
767 1612 836 1638 hors
852 1612 886 1638 de
902 1612 927 1638 la
942 1613 1024 1638 Porta
1040 1613 1161 1639 Romana
1172 1634 1178 1644 ,

173 1671 189 1688 3
204 1664 247 1688 ete
262 1662 425 1696 longtemps
442 1670 480 1688 un
496 1662 614 1696 hospice
629 1661 664 1688 de
684 1661 820 1696 lepreux;
837 1670 869 1688 ce
891 1662 964 1688 n’est
979 1662 1044 1696 plus
1059 1663 1179 1696 aujour-

173 1711 249 1737 d'hui
264 1711 368 1745 qu'une
385 1711 458 1737 villa.

208 1759 341 1794 Registre
357 1760 391 1786 de
407 1760 548 1787 Lanfranc
563 1761 597 1787 de
614 1760 707 1787 Scano
724 1760 783 1794 (tol.
803 1759 845 1792 14)
865 1770 870 1785 :
886 1759 1024 1792 Satisfecit
1041 1761 1070 1785 in
1086 1761 1177 1794 curia,

173 1812 202 1835 ut
215 1811 287 1842 patet
300 1816 350 1841 per
367 1810 578 1842 infrascriptam
600 1811 735 1835 licteram.

207 1858 348 1892 Nicotaus,
366 1859 473 1884 domini
493 1866 562 1892 pape
582 1850 753 1884 camerarius
775 1861 798 1884 et
818 1859 959 1888 notarius,
982 1858 1098 1884 discreto
1124 1859 1179 1884 viro

173 1907 300 1939 Magistro
317 1907 472 1940 Lanfranco
487 1908 517 1932 de
533 1907 630 1941 Scano,
644 1908 778 1934 Canonico
794 1906 978 1940 Peryainensi,
991 1907 1098 1932 domini
1110 1915 1179 1941 pape

172 1957 307 1989 scriptori,
321 1957 457 1983 collectori
468 1964 599 1983 censuum
611 1958 641 1982 in
655 1957 751 1982 Tuscia
764 1959 788 1982 et
804 1957 869 1982 aliis
884 1957 1178 1989 circumadjacentibus

170 2005 296 2037 partibus
307 2006 471 2031 auctoritate
482 2006 628 2038 apostolica
638 2005 774 2039 deputato,
787 2005 905 2030 salntem
919 2006 948 2030 in
960 2005 1084 2030 Domino.
1099 2005 1176 2039 Cum,

170 2061 219 2085 pro
236 2056 312 2087 parte
331 2054 474 2087 hospitalis
494 2056 583 2080 sancti
598 2055 698 2080 Lazari
717 2054 748 2079 dc
766 2054 889 2085 Tersola,
908 2054 1033 2081 Senensis
1052 2055 1175 2086 diocesis,

172 2103 202 2127 «te
219 2110 312 2128 annuo
327 2111 421 2136 censu,
441 2104 470 2129 in
485 2111 537 2136 quo
553 2104 656 2129 ecclesie
672 2104 789 2130 Romane
810 2105 931 2132 tenetur,
949 2104 984 2128 sit
1009 2111 1113 2129 camere
1133 2104 1177 2130 do-

174 2153 243 2177 mini
256 2159 336 2184 pope,
348 2154 432 2185 Juxta
449 2160 531 2178 suum
547 2152 754 2186 beneplacitam,
774 2153 891 2185 legitime
906 2153 1089 2185 satisfactum,
1103 2154 1177 2179 volu-

175 2207 232 2225 mus
248 2202 270 2225 et
284 2202 451 2234 presentiam
474 2201 524 2227 tibi
543 2202 708 2227 auctoritate
726 2201 907 2232 mandamus,
925 2204 1060 2233 quatenus
1075 2202 1177 2234 fratres

172 2249 287 2281 eJ'usstem
300 2249 449 2282 hospitalis,
461 2257 542 2283 saper
553 2251 691 2276 exactione
706 2251 773 2276 (licti
789 2258 894 2283 census,
909 2251 935 2275 in
953 2251 1046 2283 atiquo
1062 2258 1117 2276 non
1132 2259 1177 2283 ay-

172 2305 265 2330 yraves
277 2306 321 2323 nec
333 2299 462 2332 molestes,
477 2301 635 2331 novitatem,
648 2301 673 2325 si
686 2307 769 2332 quam
783 2300 872 2332 fecisti
882 2302 979 2325 contra
992 2308 1042 2334 cos,
1056 2301 1177 2326 totaliter

172 2346 329 2377 revocando,
343 2348 381 2372 ita
396 2348 465 2380 quod
476 2348 506 2373 (Ιο
523 2351 545 2374 te
561 2349 708 2374 materiam
725 2357 779 2375 non
796 2349 911 2374 habeant
928 2349 1121 2382 conquerendi,
1133 2349 1177 2375 sed

170 2395 259 2427 potius
283 2397 331 2421 tna
347 2398 430 2428 possit
449 2397 575 2423 discretio
591 2397 685 2423 eoeinde
707 2398 735 2422 in
762 2398 876 2423 Domino
901 2398 1096 2424 commendari.
1115 2399 1174 2424 Dat.

172 2444 244 2477 apati
262 2444 355 2469 Urbem
381 2444 505 2477 Veterem,
522 2453 550 2471 xi
568 2446 622 2472 kal.
641 2446 790 2475 Februarii,
810 2446 987 2478 Pontificatas
1002 2446 1108 2472 (lamini
1123 2446 1176 2473 Ni-

172 2493 242 2518 colai
254 2500 322 2525 pape
338 2493 408 2519 ΙΙΙΙῑἰ
424 2502 496 2520 anno
513 2496 602 2521 tertio.

208 2540 232 2566 3.
254 2540 276 2566 ll
292 2540 376 2575 s’agit
391 2543 689 2569 vraisemblablernent
703 2543 737 2569 de
748 2543 776 2570 S.
794 2543 911 2569 Lorenzo
928 2544 957 2569 in
979 2543 1023 2569 Val
1038 2543 1067 2569 di
1080 2544 1174 2575 Merse,

172 2590 187 2615 a
202 2589 369 2616 l’extremite'
385 2591 540 2618 sud-uuest
555 2592 592 2618 du
608 2592 724 2618 diocese
740 2591 775 2618 de
791 2591 907 2618 Sienne.

207 2637 244 2664 Le
261 2638 400 2673 3janvie1·
422 2640 486 2666 1291
500 2661 508 2674 ,
523 2640 664 2667 Lanfranc
679 2641 714 2667 de
732 2640 840 2672 80300,
859 2649 911 2676 par
925 2641 1070 2675 quittanco
1094 2641 1175 2667 datee

172 2686 205 2712 de
231 2686 353 2714 Petriolo
378 2689 439 2722 (sur
463 2689 487 2715 la
511 2690 625 2721 Forma,
648 2698 684 2716 au
702 2690 757 2716 sud
777 2689 812 2715 de
834 2689 863 2716 S.
881 2690 1017 2721 Lorenzo).
1036 2693 1175 2716 reconnut

172 2736 249 2761 avoir
265 2744 333 2771 recu
347 2737 398 2763 des
414 2738 506 2764 mains
522 2737 556 2764 (18
572 2737 616 2770 B„
635 2738 707 2765 abbe
722 2738 757 2764 de
774 2738 804 2765 8.
821 2738 957 2770 Laui-ent,
974 2738 999 2764 13
1014 2746 1125 2764 somme
1141 2738 1175 2764 de

173 2784 187 2809 3
204 2783 301 2811 ssorins
317 2785 376 2812 d’or
391 2788 589 2820 representant
603 2787 645 2825 les
656 2788 690 2814 60
706 2795 776 2814 sous
792 2788 826 2814 de
842 2787 977 2822 Lucques
993 2787 1047 2814 dos
1063 2795 1135 2822 pour
1149 2787 1175 2813 le

173 2840 240 2881 cens
256 2833 306 2859 des
325 2837 417 2860 trente
433 2835 578 2862 dernieres
593 2838 710 2863 annees.
727 2836 821 2863 L'acte
838 2840 882 2863 est
898 2837 996 2863 revetu
1011 2835 1062 2863 des
1077 2837 1176 2871 signa-

173 2884 252 2907 1111·οε
262 2882 296 2908 (18
308 2884 335 2908 Β.
350 2884 452 2909 abbatis
463 2885 493 2910 de
509 2886 577 2918 Fayo
588 2885 661 2911 etde
675 2885 738 2911 Man
745 2893 796 2912 uce
813 2885 944 2912 Bonaviti
960 2887 1026 2911 civis
1038 2885 1172 2912 Senensis.

210 2930 234 2955 4.
255 2930 280 2956 S.
300 2932 390 2957 Maria
411 2933 441 2958 cle
461 2933 599 2966 Sattiano,
617 2934 757 2960 territoire
778 2934 812 2960 de
832 2933 990 2965 Chiusure,
1009 2934 1105 2969 pointe
1123 2942 1174 2961 ex·-

173 2978 260 3004 treme
285 2978 318 3004 de
342 2979 466 3006 l'eveche
488 2982 522 3007 de
544 2981 665 3016 81811118,
692 2990 756 3008 vers
780 2983 804 3008 18
827 2983 962 3015 sud-est;
991 2983 1174 3010 mentionnee

1343 373 1478 402 Ecclesia
1493 374 1603 403 Sancte
1620 374 1716 403 Μανία
1734 374 1769 403 de
1787 376 1882 405 Rocca
1901 377 2010 406 Mator.
2030 387 2072 406 xn
2089 384 2228 406 senenses
2246 377 2268 404 ¹.

1345 427 1564 456 Monasterium
1583 427 1694 456 Sancte
1716 428 1812 457 Maria
1830 427 1928 466 juaeta
1940 429 2078 458 Stratam
2093 432 2104 449 ²
2117 439 2126 458 ι
2141 428 2269 464 obolum,

1304 478 1383 517 quod
1398 482 1441 508 est
1458 477 1586 508 liberum
1602 488 1624 508 ε.

1264 623 1302 652 IN
1324 632 1512 654 EP1scoi‘ATu
1530 626 1674 655 ARETINO
1690 625 1712 654 ³.

1344 676 1480 706 Ahbatia
1495 677 1533 706 de
1548 676 1615 706 Sub
1631 677 1778 714 Castello,
1797 678 1882 708 circa
1894 682 2034 708 castrum
2049 679 2134 718 qnod
2153 679 2272 710 dicitur

1304 728 1468 765 Cillalum,
1487 739 1506 758 v
1523 729 1642 760 solidos
1657 729 1842 770 lucensinm
1859 731 1880 759 ⁴.

1344 782 1439 811 Plebs
1452 782 1490 812 de
1507 782 1623 812 Petioli
1639 792 1647 811 1
1667 783 1905 813 marabotinum
1920 785 1941 813 ⁵.

1295 941 1320 970 3)
1335 942 1395 969 Hic,
1408 942 1439 964 in
1451 942 1511 965 cod.
1524 940 1577 971 nl,
1591 942 1708 970 quidam
1721 943 1851 972 scriptor,
1867 943 1969 966 saecuto
1981 943 2090 966 decimo
2105 945 2214 973 quarto,
2232 944 2273 966 in-

1264 987 1351 1009 seruit
1371 993 1470 1009 rursus
1487 995 1493 1009 :
1511 986 1653 1016 Hospitale
1669 986 1838 1016 Rotulende‚
1855 987 1902 1010 ubi
1922 990 1962 1010 est
1982 993 2055 1010 nunc
2077 988 2273 1011 monasterium

1264 1030 1379 1053 fratrum
1399 1030 1427 1054 S.
1449 1030 1611 1060 Augustini,
1637 1030 1660 1053 II
1682 1031 1817 1055 lucenses.
1841 1044 1872 1048 —
1892 1031 2015 1054 Ecclesia
2029 1030 2129 1055 Sancte
2146 1031 2273 1055 Mustiole

1265 1075 1290 1098 II
1306 1075 1410 1098 solidos
1426 1075 1588 1098 lucensium,
1607 1089 1637 1092 —
1651 1075 1773 1099 Ecclesia
1790 1076 1883 1100 Sancti
1902 1076 2044 1099 Laurentii
2062 1076 2086 1099 11
2104 1076 2209 1100 solidos
2230 1077 2274 1100 lu—

1265 1120 1398 1142 censium.
1414 1132 1444 1136 -
1460 1119 1583 1142 Ecclesia
1602 1120 1695 1143 Sancti
1716 1120 1854 1143 Leonardi
1869 1120 1902 1143 (18
1920 1120 1995 1144 Silva
2011 1120 2035 1143 11
2054 1121 2158 1144 solidos
2178 1121 2274 1144 lucen-

1265 1163 1345 1186 sium.
1361 1177 1391 1180 —
1406 1163 1527 1186 Ecclesia
1545 1164 1644 1187 Sancte
1660 1164 1802 1188 Trinitatis
1814 1164 1846 1188 de
1859 1164 1939 1188 Turri
1952 1164 1975 1188 II
1987 1165 2090 1189 solidos
2109 1165 2273 1190 lucensium.

1265 1209 1387 1231 Admisit
1404 1207 1488 1232 Avi.

1264 1364 1316 1390 des
1335 1364 1385 1390 8-26
1406 1364 1477 1390 dans
1498 1372 1552 1390 une
1573 1365 1670 1391 charte
1690 1365 1724 1391 de
1746 1364 1975 1392 Saint—Sauvcur
1994 1365 2024 1391 de
2043 1366 2132 1392 Monte
2149 1366 2271 1393 Amiata.

1299 1412 1439 1439 Lanfranc
1460 1413 1494 1439 de
1519 1412 1612 1439 80300
1635 1414 1691 1446 (fol.
1711 1414 1742 1440 14
1758 1415 1797 1446 vo)
1817 1425 1821 1439 :
1841 1423 1854 1438 (ι
1870 1414 1955 1440 Solvit
1978 1415 2007 1440 in
2027 1416 2108 1440 curia
2127 1422 2240 1440 camere.
2258 1426 2270 1438 »

1301 1463 1324 1489 1.
1349 1462 1387 1488 Le
1410 1462 1545 1496 Registre
1566 1463 1600 1488 de
1622 1463 1759 1489 Lausi-ane
1779 1463 1814 1488 de
1837 1463 1930 1489 Scano
1954 1467 2033 1497 porte
2049 1471 2098 1489 ces
2114 1466 2204 1494 mots,
2221 1463 2271 1498 qui

1263 1510 1457 1545 decouragent
1473 1514 1551 1537 toute
1566 1511 1771 1537 identification
1791 1522 1796 1537 :
1816 1521 1828 1535 (ι
1846 1511 1908 1538 Non
1924 1512 2076 1537 invenitur.
2094 1520 2108 1536 1)

1299 1559 1324 1587 ⁶2.
1342 1559 1380 1585 Le
1403 1561 1564 1586 monastere
1586 1560 1620 1586 de
1640 1560 1837 1587 sainte-marie
1853 1562 1937 1594 juata
1958 1560 2081 1586 Stratam
2107 1561 2176 1587 81311
2196 1562 2270 1588 sitne

1262 1610 1331 1636 hors
1347 1609 1381 1635 de
1396 1609 1420 1636 la
1435 1608 1519 1635 Porte
1536 1610 1680 1640 Camellia,
1693 1618 1728 1636 au
1745 1610 1813 1636 nord
1830 1609 1865 1635 de
1880 1609 1996 1641 sienne,
2013 1618 2064 1636 sur
2074 1610 2099 1636 la
2115 1613 2196 1636 route
2213 1610 2270 1637 dite

1262 1660 1375 1688 Remea,
1394 1658 1441 1692 qni
1460 1666 1494 1683 va
1509 1658 1544 1683 de
1559 1657 1699 1684 Florence
1717 1660 1733 1684 3
1753 1657 1846 1685 Rome
1862 1666 1896 1684 80
1913 1662 2031 1693 passant
2046 1667 2097 1693 par
2114 1658 2230 1686 sienne.
2247 1659 2270 1685 Il

1262 1707 1305 1733 fut
1320 1707 1380 1741 pris
1395 1714 1465 1732 sous
1481 1706 1507 1732 13
1521 1707 1680 1740 protection
1696 1706 1821 1741 speciale
1837 1706 1874 1733 du
1892 1706 2079 1740 Saint-Siege,
2096 1711 2270 1742 moyennant

1261 1764 1300 1782 un
1317 1763 1386 1781 cens
1401 1755 1504 1780 annuel
1520 1754 1605 1780 d'une
1622 1755 1704 1781 obole
1720 1755 1789 1789 d’or,
1807 1764 1857 1790 par
1872 1755 2010 1790 privilege
2025 1755 2201 1782 d‘Honorius
2215 1755 2268 1787 III,

1261 1812 1296 1830 en
1317 1804 1381 1830 date
1401 1803 1438 1829 du
1463 1803 1496 1830 ‘29
1515 1804 1610 1838 juillet
1636 1804 1722 1838 1219,
1743 1804 1896 1831 renouvele
1919 1813 1969 1838 par
1990 1813 2026 1830 un
2053 1809 2116 1830 acte
2138 1804 2172 1831 de
2196 1804 2269 1831 Gre—

1261 1853 1341 1887 goire
1355 1852 1409 1885 IX,
1428 1853 1453 1878 18
1469 1852 1628 1886 ’2613011181-
1648 1853 1714 1879 1240
1730 1853 1831 1886 (Arch.
1847 1852 1885 1879 du
1903 1852 1969 1880 Vat.
1981 1874 1988 1887 ‚
2004 1854 2064 1886 Rey.
2085 1853 2124 1885 14,
2142 1853 2190 1880 fol.
2208 1853 2268 1885 157,

1260 1910 1323 1937 cap.
1341 1904 1415 1934 cxx).

1296 1951 1335 1977 Le
1352 1959 1418 1985 recu
1434 1950 1468 1976 de
1484 1950 1625 1977 Lanfranc
1641 1951 1675 1977 de
1690 1950 1800 1986 Scano,
1818 1951 1926 1977 delivre
1941 1953 1955 1977 3
1972 1951 2078 1978 8180118
2093 1952 2119 1978 18
2135 1951 2167 1978 20
2190 1954 2269 1978 octo—

1260 2001 1310 2027 bre
1328 2000 1410 2032 1291,
1428 2003 1558 2026 constate
1574 2000 1599 2026 le
1616 2004 1779 2026 vei-seruent
1794 2000 1829 2027 de
1846 2001 1860 2027 5
1876 2000 1976 2027 ssorins
1998 2000 2058 2027 d'or
2075 2000 2198 2027 81180108
2220 2009 2270 2035 pal·

1260 2050 1285 2076 18
1307 2054 1420 2076 rectem·
1439 2049 1474 2075 de
1499 2057 1531 2075 08
1555 2051 1734 2082 monastere;
1753 2057 1787 2075 en
1813 2057 1845 2075 se
1866 2053 2012 2084 reportant
2027 2051 2043 2076 3
2058 2050 2083 2076 13
2108 2050 2205 2076 ν31801·
2225 2050 2270 2076 in-

1260 2099 1408 2133 trinseque
1424 2098 1458 2124 de
1473 2098 1574 2124 l’obole
1591 2098 1666 2131 d'or,
1684 2107 1720 2124 on
1736 2098 1794 2124 voit
1809 2106 1864 2133 que
1884 2106 1916 2124 08
1938 2099 2082 2133 1131801801
2104 2101 2269 2134 representa

1261 2155 1298 2174 un
1314 2146 1420 2173 arriere
1435 2146 1469 2172 (18
1485 2146 1566 2180 vingt
1581 2155 1642 2173 ans.

1296 2197 1319 2224 3.
1346 2196 1383 2222 Le
1404 2195 1520 2222 diocese
1536 2195 1674 2222 d’Arezzo
1690 2205 1706 2223 a
1721 2199 1766 2223 818
1781 2196 1838 2223 l’un
1855 2196 1905 2223 des
1922 2197 1987 2231 plus
2002 2201 2099 2223 vastes
2115 2197 2149 2223 de
2168 2197 2268 2224 l'Italie

1259 2246 1403 2276 centrale;
1422 2246 1493 2271 mais
1509 2246 1527 2271 il
1543 2254 1558 2271 3
1574 2248 1618 2271 818
1641 2246 1889 2272 successivement
1911 2245 2005 2272 reduit
2028 2254 2077 2280 par
2097 2246 2122 2272 la
2142 2245 2268 2273 creation

1259 2295 1310 2321 des
1329 2295 1451 2321 eveche's
1475 2294 1510 2320 (18
1526 2293 1649 2320 00110110
1667 2295 1773 2329 (1325),
1790 2294 1825 2321 (18
1849 2293 2143 2322 Montalcino-Pienza
2163 2294 2266 2329 (1462),

1258 2346 1293 2373 de
1315 2345 1411 2380 Borgo
1433 2345 1463 2372 S.
1489 2344 1624 2380 Sepolcro
1645 2346 1750 2379 (1515),
1767 2349 1796 2372 et
1818 2345 1852 2372 de
1876 2345 2108 2380 Montepulciano
2124 2346 2225 2381 (1561).
2241 2347 2267 2374 ΙΙ

1258 2399 1315 2426 est,
1342 2394 1502 2423 d'ailleurs,
1528 2394 1664 2421 demeure
1689 2395 1760 2421 dans
1784 2395 1810 2421 la
1834 2394 2017 2429 dependance
2040 2394 2204 2422 immediate
2227 2395 2267 2423 du

1259 2443 1455 2478 saint-siege.

1294 2494 1318 2520 4.
1337 2493 1477 2527 L'abbaye
1492 2493 1673 2519 benedictine
1693 2493 1728 2519 de
1745 2493 1911 2520 Sabcastello
1931 2496 1977 2519 est
1997 2493 2090 2519 situee
2104 2494 2120 2519 3
2136 2492 2151 2519 ‘2
2167 2493 2264 2519 kilom.

1257 2543 1375 2569 environ
1392 2550 1427 2568 311
1445 2541 1615 2569 nord-uuest
1631 2542 1666 2568 de
1682 2541 1778 2576 Boi-go
1795 2541 1825 2568 S.
1843 2541 1991 2576 Sepolcro,
2009 2544 2038 2568 et
2053 2541 2166 2576 depend
2183 2545 2267 2569 natu-

1257 2591 1405 2618 rellement
1425 2591 1462 2617 du
1484 2591 1598 2617 diocese
1614 2591 1649 2618 de
1664 2590 1760 2625 Boi-go
1775 2590 1878 2625 depuis
1893 2590 1961 2625 qu’il
1975 2598 1994 2625 y
2009 2598 2024 2616 a
2045 2599 2082 2616 un
2098 2590 2216 2617 diocese
2230 2590 2268 2617 de

1258 2638 1353 2674 Borgo
1369 2640 1469 2673 (1515).
1483 2640 1625 2673 Cillalmn,
1638 2639 1821 2674 anjourd’hui
1837 2640 1969 2673 qunano,
1984 2638 2108 2670 domine,
2121 2640 2136 2665 3
2151 2639 2265 2673 l’ouest,

1256 2688 1282 2715 la
1299 2688 1387 2714 vallee
1403 2687 1441 2714 du
1456 2687 1540 2714 Tibi-e
1552 2710 1558 2719 ,
1574 2692 1616 2719 et,
1634 2696 1684 2723 par
1704 2689 1897 2722 consequent,
1914 2687 1939 2713 le
1963 2688 2126 2714 monastere
2145 2687 2181 2714 de
2195 2687 2266 2715 Sub-

1257 2737 1377 2763 castello.
1420 2738 1423 2741 '

1294 2785 1430 2821 Registre
1453 2785 1487 2812 de
1511 2785 1651 2813 Lanfranc
1666 2785 1700 2812 de
1717 2785 1810 2812 Scano
1828 2785 1886 2818 (fol.
1906 2785 1946 2819 15)
1965 2796 1970 2811 :
1991 2795 2004 2810 (1
2020 2785 2106 2812 Solvit
2121 2787 2152 2812 in
2166 2787 2264 2817 curia,

1257 2837 1287 2861 ut
1299 2836 1416 2869 percepi.
1436 2846 1448 2859 w

1292 2884 1317 2911 5.
1342 2883 1481 2910 Lana-ane
1501 2883 1535 2909 de
1561 2883 1654 2910 Scano
1681 2892 1715 2910 ne
1739 2883 1894 2910 retrouvait
1915 2883 1980 2917 deja
2001 2883 2067 2918 plus
2092 2886 2166 2910 cette
2188 2883 2266 2909 Pieve

1256 2934 1321 2967 (non
1338 2934 1489 2965 invenitur)
1503 2944 1508 2963 ;
1527 2941 1561 2959 en
1578 2933 1685 2965 realite,
1698 2932 1768 2959 c'est
1783 2932 1808 2958 le
1823 2940 1890 2959 nom
1907 2931 1974 2959 d'un
1991 2931 2082 2967 grand
2098 2931 2216 2959 nombre
2227 2931 2263 2958 de

1255 2983 1376 3017 villages
1392 2981 1464 3008 dans
1478 2981 1605 3008 l‘eveche
1621 2981 1767 3008 d’Arezzo.
