2412 3550
171 352 209 381 58
716 347 767 376 LE
792 346 935 376 LIBER
960 346 1192 377 CENSUUM
1216 347 1272 377 DE
1295 343 1481 380 L'E'GLISE
1505 350 1716 382 ROMAINE.

242 417 373 443 Castrum
388 415 422 441 de
439 414 563 440 Buriano
581 421 617 439 xx
633 412 740 439 solidos
757 413 922 446 pisanorum
941 416 958 439 ¹.

241 511 361 543 Quidam
376 510 490 543 milites,
503 509 551 543 qui
568 508 702 534 dicuntur
716 507 877 539 Lamban-di,
890 508 1066 535 Grossetane
1077 508 1174 536 dioce-

206 561 263 591 sis,
283 562 414 585 tenentur
437 558 548 583 solvere
569 557 715 583 annuatim
736 564 773 582 xx
793 556 902 583 solidos
921 557 1086 591 pisanorum
1099 578 1105 589 ‚
1124 566 1174 592 pro

206 608 329 634 Bul-iano
345 611 373 632 et
387 606 559 640 quibusdam
575 605 638 631 aliis
653 605 756 630 casu-is
776 608 804 631 et
825 605 1060 639 possessionibus
1075 605 1109 631 ad
1125 613 1174 632 ec-

204 656 319 683 clesiam
335 655 493 681 Romanam
510 653 707 688 spectantibus
721 655 742 680 2.

168 822 347 851 benedictin,
369 821 434 855 puis
454 820 505 846 des
528 819 735 853 Guillelmites,
760 822 774 846 ’1
797 821 812 848 5
838 821 932 847 kilom.
958 821 991 847 de
1011 822 1173 854 Oastiylione

167 873 239 897 della
256 872 378 903 Pes-cajo,
390 878 425 895 au
443 870 538 896 milieu
551 869 602 895 des
618 871 721 896 mai-ais
736 870 784 904 qui
800 874 938 896 couvi-ent
951 871 975 897 la
993 872 1051 897 rive
1064 872 1174 902 (13110110

168 920 202 946 de
222 920 247 946 13
264 918 360 945 Bruna
376 927 441 944 vers
457 927 509 945 son
526 919 731 945 embouchure.
750 919 771 945 Il
788 927 823 945 eu
839 924 883 945 est
899 919 961 954 deja
978 921 1121 954 question.
1138 929 1172 947 au

168 969 318 995 neuvieme
334 967 431 1001 510010,
448 967 520 993 dans
537 976 572 993 un
590 967 713 1002 diploine
729 967 763 993 de
780 967 865 994 Louis
880 969 904 994 le
921 968 1009 995 Pieux
1027 977 1060 995 011
1076 970 1174 996 sax-eur

168 1017 204 1043 du
222 1017 382 1043 monastere
398 1015 433 1042 de
452 1016 480 1043 S.
497 1017 617 1047 Antimo,
636 1025 671 1042 au
691 1016 733 1043 val
750 1016 862 1043 d’Orcia
888 1017 926 1043 Le
944 1018 1056 1051 11131315,
1069 1027 1104 1044 311
1121 1018 1175 1044 mi-

167 1066 222 1093 lieu
238 1066 344 1100 duquel
360 1066 378 1091 il
394 1066 463 1092 etait
478 1066 568 1096 sitne,
585 1065 733 1100 s’appolait
751 1067 832 1092 Lacus
849 1067 932 1092 Prilis
951 1070 1023 1102 (voy.
1042 1067 1172 1102 Repeffl,

166 1111 327 1141 Dizz'onar'io
341 1116 488 1147 qeoyrafico
504 1115 577 1140 della
595 1115 721 1146 Tosmna,
740 1114 762 1146 I,
782 1124 807 1150 p.
826 1115 892 1145 ‘20‘23
911 1115 947 1147 II,
966 1125 993 1150 p.
1011 1116 1082 1149 541).

201 1163 244 1190 En
261 1163 338 1194 1291,
354 1162 494 1189 Lausi-ane
508 1163 542 1189 de
558 1162 650 1189 Scano
665 1163 771 1190 delivra
787 1165 802 1190 a
817 1164 890 1190 frere
906 1164 998 1197 Marc,
1017 1174 1174 1200 procureur

166 1212 281 1247 gencral
298 1211 332 1237 de
355 1220 387 1238 co
410 1213 587 1245 monastero,
605 1213 748 1246 quittance
770 1212 804 1238 de
826 1213 858 1239 30
879 1221 949 1239 sous
967 1213 1001 1239 (10
1024 1213 1171 1248 Lucques,

166 1269 239 1296 pour
251 1270 287 1287 un
306 1261 411 1287 arriere
427 1260 461 1286 de
478 1265 570 1286 trente
581 1269 642 1287 ans.
657 1260 695 1287 Ce
707 1270 785 1295 1-0011,
799 1262 848 1288 fait
859 1263 873 1287 ii
890 1261 1039 1297 Grosseto‚
1052 1263 1077 1288 le
1089 1264 1173 1296 73311-

165 1311 226 1337 vier
244 1309 327 1341 1291,
343 1309 386 1335 fut
408 1309 590 1343 couti-esigne
612 1318 662 1343 par
685 1309 848 1335 Sesmondus
870 1313 898 1336 et
919 1312 1088 1342 Manuellus,
1105 1313 1173 1339 cha-

166 1358 267 1384 noines
282 1357 317 1383 de
333 1357 484 1383 Grosseto.

202 1407 226 1433 1.
246 1408 380 1439 lluriano,
398 1408 412 1431 51
437 1406 465 1431 13
486 1406 581 1432 kilom.
603 1407 618 1431 a
640 1406 742 1432 l'ouest
765 1406 799 1432 de
818 1406 975 1438 Grosseto,
1000 1417 1050 1443 par
1069 1409 1130 1436 dela
1148 1410 1173 1436 la

165 1455 278 1485 Bruna,
297 1464 346 1480 sur
371 1463 424 1480 une
449 1455 551 1480 colline
574 1455 630 1481 dite
650 1456 780 1484 ¹treione.
806 1455 916 1490 depend
940 1457 974 1483 de
999 1457 1173 1492 Castiglione

166 1505 239 1530 della
264 1504 380 1537 Pesczija
402 1503 542 1538 (Reponi,
567 1503 593 1536 Ι,
616 1513 643 1538 p.
669 1504 740 1536 375).
763 1504 820 1530 Son
845 1505 949 1539 eglise,
968 1506 1173 1533 Sainte-Marie

166 1553 228 1580 dell'
245 1555 367 1583 Arc-ione,
387 1553 462 1578 avait
479 1553 615 1578 autrefois
631 1552 762 1586 dependu
778 1553 812 1579 de
829 1553 1064 1582 Saint-Paucrace
1079 1557 1114 1582 ad
1131 1557 1174 1582 Iu-

167 1605 236 1630 tum.

201 1651 337 1685 Registre
353 1651 387 1677 de
405 1651 543 1677 Lanu-ane
554 1651 588 1676 de
602 1651 695 1677 Scano
709 1662 714 1677 :
728 1653 860 1685 Requisiti
874 1653 981 1680 domini
996 1656 1076 1679 istius
1089 1656 1174 1681 castri

165 1701 297 1727 dicerunt
312 1700 382 1733 quod
399 1700 478 1725 nulla
494 1701 678 1726 communitas
694 1703 756 1727 esset
777 1702 835 1734 ibi5
851 1702 932 1728 iidem
948 1710 1009 1729 vcro
1026 1704 1103 1735 infra
1118 1705 1174 1730 sol-

165 1752 273 1778 verunt,
294 1751 323 1773 ut
341 1751 426 1781 patet
445 1763 476 1767 —
494 1749 666 1774 Discutiatur
680 1751 706 1775 si
721 1751 750 1775 in
765 1750 871 1783 duplici
889 1752 1020 1777 solutione
1035 1754 1172 1778 tenentur.

201 1798 226 1823 Q.
245 1796 299 1823 Ces
316 1801 390 1823 rnots
413 1800 478 1823 sont
494 1798 589 1832 places
609 1799 625 1823 3
641 1798 665 1824 13
680 1806 777 1832 margo
793 1799 945 1826 inferieure
961 1799 998 1826 du
1017 1801 1174 1827 manuscrit

164 1847 293 1880 original,
307 1849 335 1871 et
352 1850 484 1880 peuvent,
501 1847 525 1872 si
543 1846 596 1872 l'ou
614 1846 659 1880 n’y
677 1847 764 1881 prend
781 1847 878 1881 garde,
892 1856 923 1874 se
939 1849 1094 1875 confondre
1104 1857 1174 1876 avec

165 1895 206 1920 les
222 1894 394 1920 indications
409 1895 457 1928 qui
474 1895 589 1920 suivent
606 1895 630 1920 13
648 1895 784 1929 rubrique
806 1895 837 1921 IN
858 1905 1020 1924 EPlSCOPA'rU
1043 1897 1174 1925 171111311-

165 1951 246 1970 naxo.
269 1942 347 1968 C’est
375 1951 407 1969 ce
431 1943 479 1977 qui
500 1947 544 1969 est
565 1944 657 1969 ari-ive
681 1944 775 1978 quand
800 1953 835 1970 on
861 1954 877 1971 a
902 1946 972 1972 ecrit
991 1946 1016 1972 le
1042 1955 1095 1972 ms.
1118 1946 1171 1973 Rl.

165 1991 203 2018 Le
226 1992 336 2026 copiste
357 1991 399 2017 n'a
424 2000 474 2026 pas
494 1994 644 2025 remarque
665 2001 721 2027 que
746 1997 820 2020 cette
843 1994 947 2028 phrase
969 2003 1001 2021 se
1023 1996 1137 2022 resen-ait
1158 1998 1173 2022 a

163 2041 288 2067 l’eveche
304 2040 338 2066 de
355 2040 512 2071 Grosseto‚
529 2045 557 2067 et
573 2049 684 2067 comme
701 2041 772 2068 dans
789 2043 813 2068 10
830 2051 884 2069 ms.
905 2044 1025 2077 original
1041 2045 1082 2070 les
1098 2049 1173 2071 mots

165 2101 178 2113 1(
189 2090 279 2117 Comes
291 2091 409 2116 Panocla
424 2091 479 2116 llll
492 2091 678 2117 marabotinos
689 2091 720 2117 de
732 2094 785 2117 tota
803 2094 877 2118 terra
888 2101 939 2118 sua
952 2104 964 2117 »
980 2095 1133 2120 terminent
1148 2095 1173 2121 la

164 2139 284 2165 colonne
299 2138 334 2164 de
349 2142 426 2165 texte
442 2147 476 2165 au
495 2139 545 2165 bus
565 2139 599 2165 (10
621 2140 740 2174 laquelle
763 2149 794 2166 se
810 2143 948 2174 trouvait,
965 2151 999 2168 en
1017 2151 1130 2177 margo,
1148 2144 1173 2170 la

164 2187 267 2221 phrase
284 2188 400 2220 Quidam
417 2189 518 2214 milites
533 2191 591 2220 etc„
610 2189 681 2215 c’est
703 2191 717 2215 a
741 2189 766 2215 la
782 2190 857 2216 suite
879 2190 931 2217 des
952 2195 1026 2218 mots
1049 2203 1060 2215 (ι
1082 2193 1172 2219 Comes

164 2237 296 2268 Panocla,
314 2240 369 2263 etc.
389 2249 400 2261 u
418 2245 474 2271 que
491 2238 516 2263 13
538 2238 642 2272 phrase
667 2246 700 2264 en
727 2241 859 2273 question
879 2240 947 2268 s’est
969 2244 1087 2268 trouvee
1112 2247 1173 2270 tout

165 2285 383 2311 naturellement
405 2286 537 2316 insen-em
563 2287 587 2312 si
603 2287 667 2313 bien
684 2296 749 2322 que,
767 2288 838 2315 dans
855 2288 895 2315 1³1
913 2296 941 2316 et
955 2290 1026 2317 dans
1042 2291 1084 2318 les
1100 2300 1170 2319 mss.

164 2334 213 2367 qui
229 2342 262 2359 011
280 2333 409 2360 derivent
423 2335 466 2368 (en
483 2335 647 2369 particulicr
662 2335 732 2363 dans
748 2337 773 2363 lc
794 2346 848 2364 ms.
861 2339 910 2372 qui
921 2348 935 2365 3
953 2340 1029 2366 servi
1043 2341 1058 2366 a
1072 2341 1173 2367 etablir

165 2382 190 2407 10
206 2382 326 2416 registro
338 2383 373 2408 (10
387 2383 526 2410 Lanfranc
543 2384 577 2410 de
594 2384 712 2418 Scano),
731 2386 755 2412 la
773 2390 837 2412 note
856 2388 1010 2423 marginale
1026 2389 1085 2424 qui,
1101 2390 1173 2417 dans

165 2431 190 2456 le
206 2439 258 2457 ms.
276 2432 406 2465 original,
425 2440 457 2458 se
474 2433 586 2459 rese'rait
601 2435 615 2459 3
634 2434 758 2461 Pei-eche·
774 2435 809 2461 de
824 2435 981 2468 Grosseto,
999 2446 1031 2464 se
1052 2439 1083 2465 lit
1103 2447 1172 2466 sous

165 2479 189 2505 la
205 2480 340 2514 rubrique
355 2481 385 2506 lx
403 2490 567 2508 EPlSCOPA'rU
587 2483 784 2518 Vuurmmno,
803 2489 884 2511 entre
901 2486 991 2513 Comes
1010 2488 1130 2515 Panocla
1145 2494 1174 2516 et

166 2529 283 2554 Ecclesia
299 2530 394 2556 Sancti
408 2531 544 2557 Nic-botai.

203 2576 338 2611 Registre
353 2578 387 2604 de
403 2578 540 2606 Lausi-ane
557 2580 591 2606 de
607 2581 700 2607 Seano
716 2581 774 2615 (sol.
795 2583 821 2608 11
841 2583 880 2614 vo)
896 2594 900 2608 :
916 2585 934 2609 ,4
950 2585 1080 2617 predictis
1095 2588 1174 2613 mili-

167 2626 238 2651 tibus
262 2629 349 2660 ›wepi
370 2635 494 2660 censum,
513 2632 543 2655 ut
557 2633 646 2663 patet,
663 2633 686 2656 ct
701 2633 738 2656 cis
758 2633 873 2658 concessi
887 2634 1057 2667 appodissam
1079 2636 1174 2668 infra-

166 2676 262 2708 scripti
278 2678 388 2702 tenoris.

204 2724 337 2750 Enii-ersis
355 2728 488 2757 presentes
505 2728 610 2753 litteras
628 2729 791 2762 inspecturis
808 2730 938 2762 Macistcr
955 2731 1127 2764 Lanfrancus
1142 2735 1173 2760 de

167 2771 263 2804 Scano,
281 2772 432 2799 Canonicus
448 2775 645 2809 Perqamensz’s,
662 2777 769 2803 domini
781 2785 850 2811 pape
863 2780 995 2812 scriptor,
1012 2788 1093 2814 super
1112 2790 1173 2808 cen-

165 2820 249 2851 sibus,
261 2821 385 2855 juribus,
398 2829 419 2847 et
437 2823 532 2849 debitis
547 2826 597 2856 qui
611 2825 743 2851 debentur
754 2827 858 2852 ecclesie
870 2827 987 2854 Romane
999 2829 1028 2854 in
1043 2829 1138 2856 Tuscia
1149 2833 1174 2857 et

167 2869 331 2900 quibusdam
346 2870 410 2895 aliis
431 2871 512 2897 Ytalie
524 2873 650 2905 partibus
663 2875 831 2907 colliqendis,
847 2877 966 2902 nuncius
981 2879 1114 2911 specialis,
1126 2887 1173 2912 per

168 2915 252 2940 sedem
278 2917 455 2948 Apostolicam
478 2920 636 2952 deputatus,
660 2923 777 2949 salutem
799 2925 830 2949 in
850 2925 976 2951 Domino.
994 2926 1173 2954 Universitati

169 2966 253 2989 vestre
270 2966 358 2990 tenore
376 2969 542 2998 presentium
564 2970 728 2999 innotescat.
748 2972 819 3006 Nos,
835 2981 866 2999 er
883 2977 963 3006 parte
978 2976 1069 3002 (lionis
1085 2984 1172 3009 quon—

168 3010 233 3037 dam
250 3012 371 3038 Ranierii
387 3015 542 3047 Lambardi,
558 3020 664 3051 rapitis,
681 3022 710 3044 ut
724 3023 813 3053 patet,
831 3024 958 3048 omnium
976 3024 1172 3058 infrascripto-

1256 414 1292 443 IN
1310 424 1500 446 Emscoffl'ro
1520 417 1672 448 MAssANo
1689 417 1758 457 (sub
1775 420 1905 459 rasura)
1921 422 1942 449 ¹.

1255 580 1318 598 rum
1337 574 1553 601 Lambardorum
1569 578 1593 600 et
1608 575 1786 602 dominorum
1800 577 1832 603 de
1848 579 1974 609 Biriano,
1989 579 2111 605 videlieet
2126 580 2182 606 Nat·
2200 581 2259 612 (sic)

1254 623 1392 655 quondam
1410 623 1560 656 Ci'ryensis,
1578 626 1602 650 et
1627 624 1740 651 Girardi
1757 626 1896 659 quondam
1911 627 2018 653 domini
2041 628 2223 662 Bernardini,
2240 632 2262 656 et

1256 672 1342 697 Barni
1357 672 1495 704 quondam
1512 673 1666 706 Sinibaldi,
1684 674 1760 699 Mecti
1774 675 1912 707 quondam
1940 676 2044 708 Haemi,
2062 669 2161 703 Cionisv
2175 684 2264 710 quon-

1254 721 1316 746 dam
1351 721 1458 753 Uyotinz‘
1480 723 1503 746 et
1528 722 1680 754 Berinqerii
1703 723 1840 755 quondam
1867 725 2015 758 incionis,
2037 726 2099 751 nim·
2124 726 2262 758 quondam

1260 769 1468 801 naabi-andini,
1490 771 1549 802 Rufi
1574 773 1598 796 et
1623 771 1709 797 Portii
1738 772 1877 804 quondam
1901 773 2036 799 Aldiberti
2064 774 2211 800 Lambardi
2231 774 2263 800 de

1256 820 1378 845 Buriano
1394 827 1425 845 ac
1439 819 1559 844 aliorum
1576 827 1690 845 suorum
1707 822 1891 852 consortium,
1903 829 1952 854 per
1963 830 2064 848 manus
2078 821 2191 858 Piponis
2201 830 2263 849 ron-

1254 869 1336 893 sortis
1346 875 1450 897 eorum,
1467 875 1517 900 pro
1533 876 1613 893 censu
1629 869 1731 900 vtyinti
1746 871 1832 895 unius
1842 871 1920 901 anni,
1934 871 2057 903 fatemur
2066 873 2167 905 viqinti
2176 879 2262 898 unam

1256 917 1340 943 libras
1354 919 1519 949 pisanorum
1539 925 1589 950 pro
1610 921 1699 944 castro
1716 919 1852 950 Buriano,
1870 922 1893 945 et
1906 920 2068 952 quibusdam
2085 921 2150 947 aliis
2165 922 2263 947 castris

1254 969 1278 992 et
1300 967 1508 999 possessionibus
1531 967 1566 992 ad
1588 968 1739 993 Romanam
1761 969 1898 994 ecclesiam
1912 969 2109 1001 spectantibus.
2125 977 2176 1002 pro
2194 977 2263 1002 pape

1254 1023 1371 1046 camera,
1391 1016 1524 1047 recepisse,
1545 1017 1643 1047 riyinti
1658 1016 1751 1041 solidis
1767 1024 1841 1042 anno
1857 1017 1972 1049 quotibet
1987 1019 2150 1050 computatis
2164 1027 2171 1043 .·
2189 1019 2263 1044 salvo

1253 1064 1362 1097 quodsi
1379 1072 1427 1097 per
1446 1067 1564 1096 rcqeslra
1582 1066 1653 1089 uel...
1673 1066 1709 1089 rel
1730 1066 1788 1090 alia
1805 1066 1926 1097 leyitima
1942 1066 2103 1091 documenta
2119 1069 2262 1100 appareret

1253 1122 1306 1139 esse
1321 1114 1495 1145 satisfactum
1510 1121 1559 1146 pro
1575 1114 1668 1146 aliquo
1681 1116 1796 1146 tcnzporf·
1814 1115 1937 1146 ipsorum
1952 1116 2053 1147 viyinti
2072 1116 2157 1141 unius
2173 1122 2263 1141 anno-

1254 1170 1333 1195 rum,
1351 1162 1510 1195 liujztsmodi
1525 1163 1622 1188 solutio
1639 1163 1666 1188 in
1685 1164 1815 1189 futurum
1827 1170 1877 1196 pro
1898 1166 1962 1189 rata
1978 1165 2106 1196 temporis
2123 1166 2262 1197 compute-

1256 1214 1320 1242 tur,
1337 1214 1374 1244 et,
1392 1213 1416 1237 si
1433 1214 1538 1237 monela
1551 1211 1614 1243 plus
1634 1212 1723 1237 ναῖεν-ι’
1739 1212 1843 1242 debeat,
1862 1214 2007 1237 teneantur
2026 1212 2094 1238 dicti
2113 1213 2214 1238 nobiles
2229 1212 2264 1238 ad

1254 1262 1471 1295 supplementum
1483 1262 1567 1293 Juxta
1582 1260 1689 1285 domini
1707 1267 1774 1292 pape
1791 1261 1985 1292 beneplacitum
2008 1262 2048 1286 vel
2066 1262 2123 1293 ejus
2139 1267 2264 1286 camera-

1254 1311 1302 1341 rii,
1315 1313 1338 1336 el
1351 1312 1433 1336 etiam
1447 1310 1645 1342 promiserunt.
1661 1310 1690 1335 In
1707 1311 1785 1342 cujus
1800 1311 1842 1334 rei
1858 1311 2054 1339 testimonium,
2067 1312 2202 1343 presentes
2214 1310 2264 1336 lic-

1256 1361 1326 1385 teras
1354 1359 1415 1391 fieri
1438 1358 1570 1391 fecimus,
1596 1360 1695 1383 ettam
1719 1359 1808 1383 nostri
1825 1366 1906 1391 quam
1930 1359 2110 1384 discretorum
2137 1360 2263 1384 virorum

1255 1409 1407 1441 Lanfranoi
1428 1415 1459 1433 ac
1476 1408 1630 1441 presbyteri
1650 1408 1743 1433 Jacobs
1763 1408 1908 1440 plrbani...
1930 1408 2086 1441 siqillorum
2108 1409 2264 1434 munimine

1255 1458 1370 1490 fecimus
1399 1457 1536 1483 roborari.
1562 1452 1670 1482 Datumv
1693 1458 1721 1482 in
1750 1459 1838 1482 castro
1870 1457 2020 1482 Buriani.,.
2049 1464 2122 1482 anno
2153 1457 2264 1494 Domini

1255 1506 1468 1533 MCCLXXXXI...
1485 1505 1532 1538 (La
1550 1505 1586 1531 fin
1603 1508 1647 1531 est
1664 1505 1801 1538 mutilee.)

1291 1555 1379 1581 Vient
1394 1554 1506 1581 ensuite
1524 1554 1605 1588 copie
1628 1553 1712 1580 d’une
1733 1554 1879 1588 quittance
1899 1554 2022 1580 delivree
2047 1563 2097 1588 par
2120 1554 2216 1581 Pierre
2233 1555 2264 1580 tle

1255 1606 1342 1632 Monte
1359 1605 1460 1632 Bruno,
1478 1602 1616 1629 camerier
1631 1602 1667 1628 du
1685 1601 1877 1636 Saint—Siege,
1893 1603 1942 1636 qui
1957 1603 2032 1629 avait
2046 1605 2091 1630 etc>
2108 1603 2133 1629 10
2149 1603 2263 1630 dernier

1255 1662 1323 1681 sans
1338 1653 1424 1679 doute
1439 1654 1454 1678 3
1469 1653 1570 1686 operer
1589 1651 1614 1676 10
1630 1654 1848 1677 recouvrement
1869 1650 1906 1676 du
1927 1659 1997 1677 cens
2017 1651 2051 1677 de
2072 1651 2206 1678 Buriano.
2227 1652 2264 1678 La

1255 1703 1318 1729 date
1335 1705 1379 1728 est
1392 1699 1574 1735 incompl’ete,
1592 1700 1663 1726 mais
1679 1700 1698 1726 il
1713 1703 1757 1726 est
1773 1699 1854 1726 facile
1869 1699 1903 1725 de
1921 1700 1945 1725 la
1961 1700 2089 1730 retablir,
2110 1701 2262 1735 puisqu’on

1258 1751 1321 1778 1291
1339 1751 1380 1776 les
1396 1750 1549 1784 seigneurs
1565 1748 1599 1774 de
1616 1748 1741 1774 Buriano
1761 1749 1894 1782 payaient
1911 1757 1947 1774 un
1969 1749 2075 1775 aridei-e
2089 1749 2124 1775 de
2140 1750 2222 1783 vingt.
2236 1753 2264 1776 ct

1255 1809 1292 1826 un
1312 1807 1380 1831 ans,
1397 1806 1429 1824 00
1452 1799 1500 1832 qui
1517 1801 1629 1832 reporte
1652 1798 1713 1823 leur
1733 1797 1846 1823 dernier
1869 1801 2032 1824 vei-sement
2056 1806 2112 1824 aux
2132 1797 2264 1826 derniers

1255 1849 1329 1875 mois
1344 1848 1379 1874 de
1399 1847 1463 1874 1270
1481 1847 1639 1880 (indictione
1659 1845 1768 1879 XIIII),
1786 1845 1911 1880 pendant
1926 1846 1950 1872 la
1966 1846 2072 1881 longue
2087 1855 2211 1874 vacance
2226 1847 2262 1874 du

1255 1896 1441 1930 Salat-siege
1457 1896 1506 1930 qui
1523 1895 1610 1921 suivit
1624 1895 1649 1921 13
1667 1899 1740 1921 mort
1756 1894 1790 1921 de
1806 1894 1935 1921 Clemcnt
1950 1894 2002 1921 IV.

1292 1957 1304 1970 (ι
1327 1947 1376 1973 Iste
1398 1947 1462 1971 sunt
1485 1946 1573 1971 littere
1594 1944 1692 1977 quibus
1708 1945 1829 1970 constitit
1844 1944 2017 1976 satisfactum
2035 1946 2111 1971 Petro
2126 1946 2157 1971 de
2175 1946 2264 1973 Monte

1255 1997 1360 2026 Bruno,
1378 1994 1525 2027 Apostotice
1540 1994 1609 2019 sedis
1624 1994 1791 2022 camerario,
1807 1995 1836 2018 ut
1851 1995 1923 2027 patet
1938 2003 1945 2019 :

1291 2045 1422 2072 Omnibus
1438 2043 1542 2070 Christi
1555 2043 1680 2075 fidelibus
1693 2044 1826 2075 presentes
1843 2043 1952 2068 licteras
1970 2044 2148 2078 inspecturis,
2165 2045 2263 2071 Petrus

1253 2095 1284 2120 de
1298 2094 1386 2120 Monte
1403 2094 1493 2118 Bruno
1512 2093 1654 2125 apostolice
1676 2091 1746 2117 seclis
1761 2091 1938 2118 Camerarius
1953 2093 2011 2118 el...
2032 2093 2150 2119 salutem
2169 2095 2200 2119 in
2215 2094 2264 2120 do-

1254 2145 1338 2169 mino.
1349 2142 1464 2168 lacobus
1478 2140 1617 2167 Sinibalcli
1633 2142 1657 2166 et
1673 2139 1837 2172 Gualf'ridus
1853 2139 1991 2173 quondam
2006 2140 2113 2167 domini
2126 2142 2263 2169 Tancredi

1254 2191 1394 2219 Sinibalcti
1408 2190 1439 2216 de
1454 2192 1543 2215 castro
1560 2190 1686 2220 Birz'ano,
1704 2189 1861 2215 Grossetane
1876 2189 2002 2219 diocesis,
2014 2197 2064 2222 pro
2079 2190 2151 2216 dicto
2161 2193 2260 2226 castro,

1253 2242 1323 2276 quod
1339 2242 1393 2274 ipsi
1407 2243 1431 2266 et
1447 2242 1623 2265 antecessores
1639 2239 1692 2271 sui,
1709 2246 1771 2264 cum
1787 2238 1912 2264 omnibus
1922 2238 2037 2271 juribus
2047 2241 2071 2264 et
2085 2240 2262 2271 pertinentiis

1254 2291 1290 2317 acl
1310 2292 1399 2324 ipsum
1429 2290 1552 2314 castrum
1577 2287 1774 2320 spectantibus,
1796 2288 1825 2312 in
1851 2287 1965 2319 seudum
1990 2294 2006 2312 a
2031 2287 2151 2313 Romana
2172 2290 2262 2315 tenent

1253 2340 1373 2368 ecclesia,
1389 2338 1539 2363 annuatim
1554 2338 1583 2362 in
1598 2336 1715 2369 quolibet
1730 2336 1796 2368 festo
1813 2336 1883 2361 beati
1894 2337 1968 2361 Petri
1980 2337 2163 2368 apostolorum
2176 2338 2261 2370 prin-

1254 2390 1320 2423 cipis
1335 2387 1436 2420 riqinti
1457 2385 1554 2412 solidos
1577 2386 1728 2410 lucensium
1750 2392 1855 2411 camere
1873 2384 1948 2411 Sedis
1967 2385 2086 2418 predicte
2101 2386 2201 2412 soluere
2215 2386 2262 2412 cle-

1255 2439 1330 2467 bent;
1348 2436 1477 2462 noveritis
1499 2434 1568 2468 quod
1589 2434 1660 2459 idem
1674 2434 1787 2460 Jacobus
1806 2436 1828 2459 et
1850 2433 2048 2466 Guals'redus...
2068 2441 2154 2467 pro...
2177 2437 2264 2461 castri

1254 2487 1354 2520 riyinti
1369 2485 1467 2511 solidos
1484 2484 1655 2513 Lucensium,
1670 2490 1721 2516 pro
1736 2491 1816 2509 censu
1832 2484 1918 2516 ipsius
1930 2484 2024 2517 castri,
2040 2483 2127 2513 nobis,
2141 2491 2191 2516 pro
2207 2491 2262 2510 uno

1254 2543 1337 2569 anno,
1355 2542 1407 2568 pro
1426 2534 1499 2559 dicta
1515 2533 1644 2564 Camera,
1661 2533 1858 2565 pcrsolrerunt.
1879 2532 1908 2558 lu
1925 2533 2004 2565 cujus
2019 2533 2061 2557 rei
2077 2533 2263 2559 testimoniam

1251 2586 1385 2619 presentes
1402 2584 1508 2608 litteras
1524 2584 1609 2607 nostri
1627 2581 1714 2614 sigilli
1732 2582 1888 2607 munitas...
1905 2580 2083 2607 concedentes.
2098 2581 2200 2607 Datum
2219 2582 2264 2607 Vi-

1255 2633 1349 2663 terbii,
1366 2639 1438 2657 anno
1453 2630 1560 2655 domini
1575 2630 1694 2663 MCC...‚
1711 2637 1758 2655 xvi
1775 2629 1853 2655 Ital...
1870 2628 2020 2654 Indictione
2043 2636 2118 2662 xiiii,
2134 2629 2193 2655 sede
2211 2631 2262 2657 Ro-

1254 2690 1339 2709 mana
1358 2682 1480 2707 vacante.
1504 2691 1515 2703 υ
1558 2708 1560 2710 v

1291 2731 1315 2757 1.
1339 2730 1377 2756 Le
1399 2729 1557 2755 manuscrit
1578 2731 1672 2762 porte,
1695 2735 1729 2753 en
1750 2725 1860 2756 iealite,
1885 2734 1900 2752 N
1922 2734 2084 2753 EPISCOPATU
2107 2726 2259 2760 ΜΑ55ΑΝος

1254 2781 1326 2807 mais
1341 2787 1390 2805 ces
1406 2782 1481 2804 mots
1497 2781 1545 2803 ont
1562 2779 1606 2803 ete
1623 2776 1704 2802 biffes
1720 2778 1803 2802 avant
1818 2774 1901 2808 qu'on
1920 2774 1997 2801 n’eiit
2010 2776 2065 2801 mis
2081 2775 2121 2801 les
2137 2775 2261 2803 initiales

1253 2837 1288 2855 en
1311 2836 1400 2862 rouge
1417 2835 1466 2862 par
1487 2825 1642 2860 lesquelles
1657 2831 1823 2851 commence
1840 2823 1864 2849 le
1881 2827 1939 2849 mot
1954 2822 1984 2849 IN
2000 2823 2072 2850 dans
2087 2823 2260 2850 l'indioation

1253 2878 1289 2904 de
1309 2877 1419 2910 chaque
1443 2876 1558 2901 cveclie.
1586 2873 1725 2900 L'eveche
1745 2872 1780 2898 de
1805 2871 1901 2898 Massa
1916 2872 2015 2904 (Massa
2040 2873 2205 2904 Marittima)
2228 2880 2259 2898 se

1253 2930 1353 2953 trouve
1377 2924 1520 2950 d‘ailleurs
1541 2924 1636 2948 insere
1662 2922 1727 2956 plus
1746 2921 1817 2953 loin‚
1839 2922 1855 2946 3
1877 2929 1908 2947 sa
1930 2920 2008 2946 vraie
2029 2920 2122 2956 place,
2145 2920 2216 2947 dans
2235 2921 2257 2947 la

1253 2975 1387 3010 province
1404 2973 1438 2999 de
1455 2972 1531 2998 Pisc.
1553 2971 1617 2998 Une
1641 2970 1715 2996 bulle
1731 2969 1922 2996 d'Alexandre
1938 2968 1996 3002 111,
2014 2977 2049 2995 en
2073 2969 2139 2995 1176
2156 2968 2257 3002 (Jaffe,

1253 3032 1284 3052 no
1301 3023 1412 3055 weita),
1429 3022 1503 3048 avait
1523 3029 1558 3047 en
1575 3019 1639 3046 effet
1661 3018 1773 3046 soumis
1793 3019 1809 3044 a
1832 3018 1856 3044 la
1875 3017 2043 3052 juridiction
2064 3017 2258 3052 archiepisco-
